2572 4320
403 629 516 684 nmen
539 628 589 684 ιν.
641 629 672 684 o.
696 628 894 685 emrouna
1103 621 1149 689 49

95 816 132 867 14
146 814 179 869 et
202 806 364 868 alumnum
389 803 635 885 appellantium
665 803 868 884 ingressoque
894 805 1013 883 urbem,
1037 805 1147 869 statim

145 930 300 974 consensu
320 915 447 973 serimus
466 915 500 972 et
518 908 723 990 irrumpentis
737 908 903 971 incuriam
916 909 1036 987 turbae,
1049 910 1150 975 inrita

145 1016 265 1080 Tiberii
280 1015 452 1092 voluntale,
468 1014 523 1094 qui
538 1021 729 1077 testamento
741 1014 877 1077 alterum
892 1026 1040 1096 nepotum
1054 1036 1147 1080 suum

146 1126 378 1202 praetextatum
402 1118 505 1182 adhuc
528 1117 712 1181 coheredem
737 1119 768 1181 ei
791 1119 930 1197 dederat,
951 1120 1001 1183 ius
1025 1121 1147 1184 arbitri·

145 1246 259 1307 umque
280 1224 421 1288 omnium
442 1243 544 1286 rerum
566 1222 617 1285 illi
638 1223 824 1304 peimissum
845 1232 904 1301 est,
917 1230 1008 1286 tanta
1020 1225 1179 1306 publicae

145 1332 268 1394 laetitia
288 1337 326 1393 ut
344 1329 446 1392 tribue
466 1328 620 1410 proximis
640 1328 800 1391 mensibus
817 1347 856 1392 ao
874 1348 914 1391 ne
928 1330 1004 1393 totis
1018 1332 1145 1410 quidem

104 1495 105 1499 ,
144 1457 240 1517 supra
248 1442 375 1498 eentum
385 1433 551 1513 nonginta
560 1433 651 1496 milia
659 1434 859 1496 victimarum
869 1452 961 1497 caesa
970 1436 1143 1498 tradantur.

184 1543 263 1605 Cum
282 1540 397 1603 deinde
417 1558 533 1620 paucos
553 1546 627 1621 post
644 1538 713 1602 dics
731 1539 765 1600 in
782 1539 942 1620 proximas
956 1540 1145 1620 campeniae

144 1646 264 1710 insulas
277 1645 464 1724 traiecisset,
475 1652 551 1710 rota
564 1664 621 1726 pro
634 1645 738 1706 reditu
752 1652 899 1726 suscepta
912 1652 996 1722 sunt,
1006 1664 1046 1707 ne
1057 1646 1146 1708 mini·

144 1770 226 1812 mam
249 1750 377 1830 quidem
399 1749 591 1810 occasionem
615 1767 773 1827 quoquam
794 1749 960 1811 ornitteute
983 1750 1017 1810 iu
1037 1750 1146 1812 testifi-
1161 1756 1193 1805 to

143 1854 244 1915 cende
270 1850 485 1914 sollicitudine
513 1857 546 1913 et
572 1869 648 1913 cura
674 1848 714 1911 de
741 1850 956 1912 incolumitate
980 1851 1057 1913 eius.
1097 1854 1145 1915 Ut

145 1977 218 2020 vero
245 1957 280 2018 in
306 1955 472 2018 adversam
497 1955 711 2018 valetudinem
739 1953 862 2032 incidit,
890 1955 1145 2034 pernoctantibus

144 2062 265 2126 cunctis
285 2061 369 2124 eirca
386 2060 557 2140 Palatium,
571 2080 634 2125 non
652 2061 822 2124 defuerunt
840 2060 896 2142 qui
913 2061 1145 2142 depugnaturos

145 2188 178 2230 se
197 2168 294 2229 ermis
311 2187 369 2248 pro
385 2166 489 2230 salum
508 2166 594 2246 aegri
607 2167 726 2248 quique
739 2167 846 2247 capita
858 2186 917 2230 sua
929 2166 1025 2229 titulo
1038 2186 1147 2248 propo·

144 2272 206 2333 sito
228 2279 388 2334 voverent
430 2270 575 2333 Accessit
598 2272 638 2332 ad
660 2272 847 2332 immensum
869 2270 986 2333 civium
1010 2290 1145 2333 amorem
1162 2281 1194 2329 rs

144 2375 294 2437 notabilis
314 2375 411 2437 etiam
432 2381 632 2437 externorum
652 2376 753 2437 favor.
800 2376 946 2454 Namque
966 2377 1145 2439 Artabanus

145 2480 334 2541 Parthorum
361 2498 427 2556 rex,
454 2478 561 2541 odium
590 2497 713 2558 semper
738 2485 1016 2559 contemptumque
1038 2480 1145 2542 Tiberi

46 2641 49 2651 ,
145 2601 218 2661 prae
240 2602 274 2645 ee
294 2584 409 2660 ferens,
423 2581 596 2645 amicitiam
617 2581 712 2645 buius
731 2581 817 2644 ultro
836 2583 930 2663 petiit
943 2583 1091 2662 venitque
1103 2584 1145 2645 ed
1172 2609 1178 2623 ·

144 2687 335 2765 colloquium
355 2684 453 2766 legati
474 2685 660 2763 consuleris,
674 2693 714 2749 ei*
726 2693 942 2766 transgressus
961 2687 1145 2767 Euphraten
1170 2665 1176 2676 ’

144 2791 266 2870 aquilas
280 2799 313 2854 et
327 2791 418 2870 signa
431 2793 575 2856 Murano
584 2791 815 2872 Caesarumque
828 2791 981 2871 imagines
992 2792 1142 2855 adoravit
1160 2805 1194 2853 s)

94 2901 130 2953 lb
185 2897 378 2959 Incendebat
395 2901 429 2958 et
447 2896 516 2977 ipse
529 2895 637 2960 studia
649 2896 811 2959 bominum
825 2897 911 2957 omni
924 2915 1037 2973 genere
1049 2916 1146 2977 popu·

144 3000 289 3063 latitatis.
329 3000 456 3064 Tiberio
465 2991 537 3064 curn
551 3000 699 3083 plurimis
713 2999 851 3063 lacrimis
865 3020 922 3080 pro

143 3104 288 3167 contione
317 3103 447 3169 laudato
477 3105 686 3186 inuenioque
717 3104 920 3185 amplissime,

144 3210 312 3273 confestim
325 3210 548 3274 Pandateriam
562 3216 596 3272 et
612 3209 743 3272 Pontias
761 3210 803 3271 ed
821 3214 920 3271 trans-

144 3315 291 3377 lerendos
310 3316 421 3379 matris
441 3317 613 3396 fratrisque
628 3315 749 3379 cineres
768 3313 943 3392 festinarit,
956 3320 1145 3395 tempestate
1160 3331 1192 3379 so

143 3419 278 3498 turbida,
289 3438 353 3500 quo
362 3421 462 3500 magis
472 3421 575 3501 pietus
584 3420 746 3497 emineret,
757 3419 898 3501 adiitque
906 3419 1144 3480 venerabundus

143 3542 181 3585 ac
193 3544 249 3604 per
258 3532 359 3588 semet
369 3525 404 3587 in
413 3545 510 3590 urnes
517 3525 677 3605 condidit;
692 3544 750 3588 nee
759 3524 881 3588 minore
892 3543 1005 3587 scaena
1012 3522 1143 3600 Ostiam,

144 3629 283 3710 praefixo
296 3631 330 3694 in
343 3631 474 3696 biremis
488 3651 593 3714 puppe
607 3630 734 3710 vexillo,
749 3637 783 3694 et
796 3631 870 3694 iude
885 3631 1018 3699 Romam
1036 3627 1145 3691 Tiberi

144 3737 318 3815 subvectos,
326 3756 383 3819 per
392 3737 683 3819 splendidissimum
694 3754 850 3819 quemque
860 3735 1016 3817 equestris
1024 3734 1144 3799 ordinis
1218 3726 1221 3733 ’

145 3840 248 3902 medio
260 3860 297 3903 ac
310 3831 470 3922 frequenti
484 3843 538 3905 die
551 3843 673 3906 duobus
691 3843 822 3906 ferculis
843 3839 1006 3905 Mausoleo
1024 3839 1144 3917 intulit,
1160 3859 1192 3907 s)

127 3942 331 4026 rbferissque
353 3946 398 4013 iis
414 3965 524 4014 annus
550 3946 702 4028 religione
729 3945 854 4028 publice
878 3944 1030 4025 instituit,
1051 3951 1085 4008 ct
1106 3961 1146 4007 so

104 4046 259 4124 emplius
281 4053 386 4119 matri
407 4035 590 4138 'circem
613 4059 863 4140 carpentumque
885 4069 948 4130 quo
968 4051 1009 4111 in
1029 4068 1147 4131 pornps

945 3081 1035 3131 coeris
1050 3094 1128 3145 pepu-
1257 3149 1260 3153 ,

944 3155 1024 3217 my
1256 3170 1258 3177 .
