2572 4320
442 483 556 537 nmsa
578 484 630 538 un
680 484 860 538 unsaros
1135 473 1156 542 'l
1244 480 1248 485 ’

87 667 91 676 ’
152 672 286 743 cumque
312 653 442 734 bellum,
469 655 544 719 inde
577 656 804 735 Pannonicum,
831 656 906 719 inde
933 657 1155 722 Germanicum
1215 736 1217 740 Ι

153 760 259 836 gessit
303 757 447 822 'Raetico
473 767 569 840 atque
592 760 759 825 Vindelico
783 760 887 840 gentis
909 761 1053 843 Alpinas,
1077 764 1157 827 Pan-

152 862 266 923 nonico
286 863 424 925 Breucos
442 870 475 925 et
488 864 652 926 Dalmatas
673 865 805 942 subegit,
820 865 1006 928 Germanico
1025 869 1157 947 quadra·
1207 885 1214 908 ·

153 960 243 1045 pin'ta
265 965 355 1030 milia
376 966 597 1031 dediticiorum
624 966 750 1031 traiecit
777 968 812 1029 in
838 966 977 1032 Galliam
1005 969 1156 1051 iuxtaque
1246 1040 1251 1051 ⁸

152 1071 255 1151 ripam
269 1072 375 1133 Rheni
391 1073 518 1135 sedibus
532 1071 702 1152 assignatis
715 1071 891 1137 collocarit
941 1072 1026 1148 Quas
1045 1076 1087 1138 ob
1105 1089 1188 1140 rest

134 1181 186 1238 ‘et
205 1194 302 1239 ovans
319 1181 352 1239 et
367 1194 461 1238 curru
477 1175 765 1257 urbemingressus
784 1184 844 1254 est,
858 1177 956 1258 prins,
970 1184 1007 1239 nt
1026 1179 1155 1258 quidam

153 1287 277 1363 putant,
294 1280 544 1362 triumphalibus
570 1282 765 1346 ornamentis
791 1279 972 1362 honoratus,
994 1302 1075 1346 noro
1099 1303 1156 1348 neo
1239 1300 1243 1307 ·

152 1393 248 1449 antea
266 1386 414 1467 cuiquem
435 1387 557 1451 tributo
570 1405 682 1466 genere
695 1388 833 1451 honoris

193 1493 401 1572 Magistratus
414 1499 448 1556 et
461 1492 615 1556 maturius
625 1492 828 1557 incohavitct
836 1513 935 1576 paene
944 1495 1076 1559 iunctim
1091 1515 1158 1577 pcr-

152 1598 930 1680 cucurritquaesturampraeturam,consulatum;
1173 1610 1204 1660 ro

153 1701 402 1782 interpositoque
415 1708 557 1783 tempore
576 1704 687 1768 consul
706 1704 820 1767 iterum
834 1705 931 1767 etism
966 1682 1070 1806 m
1084 1684 1113 1733 ⁸

153 1797 355 1868 tribuniciam
366 1810 555 1886 potestatem
571 1807 604 1868 in
618 1806 871 1886 quinquennium
885 1827 933 1870 ao·
1243 1887 1245 1890 Α

102 1916 140 1971 10
153 1911 246 1990 oepit
288 1911 350 1974 Tot
362 1910 521 1992 prosperis
532 1910 773 1989 confluentibus,
784 1911 909 1990 intem
916 1917 1019 1974 aetate
1029 1929 1066 1974 ao
1076 1910 1158 1973 sale

152 2017 263 2078 tudine
277 2016 393 2080 statuit
410 2023 538 2097 repento
555 2016 700 2081 secedere
716 2034 812 2098 seque
829 2035 847 2080 e
866 2016 970 2080 medio
982 2035 1078 2097 quam
1092 2015 1158 2078 lon·

152 2123 282 2202 pissime
302 2142 464 2185 amovere:
486 2122 628 2201 dubium,
643 2123 792 2187 uxorisne
812 2123 926 2202 taedio,
940 2142 1034 2204 qnam
1055 2140 1156 2202 neque
1172 2142 1203 2191 to

152 2226 314 2291 criminari
327 2236 384 2291 aut
402 2228 565 2292 dimittere
577 2229 707 2293 auderet
720 2248 822 2310 neque
836 2228 922 2292 ultra
934 2229 1075 2310 perferre
1088 2248 1157 2310 pos
1225 2225 1228 2228 ’

152 2343 210 2412 set,
224 2355 265 2397 an
274 2330 424 2398 ut'vitato
433 2334 632 2398 assiduitatis
643 2334 775 2399 fastidio
784 2336 1002 2398 auctoritatam
1014 2335 1157 2398 amentia

152 2448 293 2504 tueretur
303 2448 399 2521 atque
413 2441 507 2504 etiam
520 2448 658 2520 augeret,
669 2440 697 2505 si
707 2443 835 2522 quando
844 2441 1035 2521 indiguisset
1044 2441 1095 2505 sui
1106 2460 1156 2504 res
1212 2467 1216 2475 ¹

151 2546 286 2626 publica
316 2546 452 2620 Quidam
465 2546 659 2623 existimant,
674 2548 793 2610 adultis
807 2548 870 2610 iam
884 2546 1023 2626 Augusti
1036 2546 1155 2626 liberis,

152 2652 220 2714 loco
233 2660 266 2715 et
280 2651 371 2731 quasi
385 2651 582 2733 possessione
592 2652 736 2733 usurpati
746 2671 771 2715 a
782 2672 817 2716 sc
830 2653 887 2716 diu
898 2651 1028 2715 secundi
1041 2653 1157 2732 gradus
1172 2668 1204 2717 a)

152 2764 264 2838 sponte
277 2758 419 2835 cessisse,
430 2756 575 2839 exemplo
586 2758 631 2840 lt
645 2758 805 2840 Agrippae
819 2758 884 2840 qui,
895 2759 941 2821 Μ.
953 2759 1106 2821 Marcello
1115 2759 1157 2822 ad

152 2881 282 2926 munera
305 2862 434 2944 publiea
457 2864 594 2942 admoto,
619 2863 793 2946 Mytilenas
817 2864 940 2942 abierit,
963 2883 1004 2927 ne
1027 2869 1084 2927 aut
1106 2863 1157 2926 ot
1234 2855 1242 2870 ‘

151 2976 234 3054 stare
255 2975 311 3030 aut
331 2968 506 3030 obtrectare
527 2987 676 3049 praesens
698 2970 878 3033 rideremu-
907 2971 1008 3043 Quam
1029 2988 1156 3033 samam

150 3079 184 3134 et
211 3072 288 3151 ipse,
317 3072 373 3135 scd
402 3077 522 3152 postea,
549 3073 699 3135 reddidit
752 3075 840 3135 Tunc
867 3081 974 3136 autem
1003 3073 1156 3135 honoruun

150 3177 329 3239 satietatem
349 3193 386 3238 ac
404 3177 544 3256 requiem
558 3175 700 3238 laborum
715 3177 933 3257 praetendens,
946 3184 1155 3240 commeatum
1171 3194 1204 3242 m

151 3283 249 3362 petit;
271 3299 372 3363 neque
393 3287 451 3344 aut
470 3280 566 3344 matri
586 3281 773 3363 suppliciter
793 3281 944 3363 precanti,
965 3287 1022 3344 aut
1041 3279 1157 3343 vitrico
1182 3290 1191 3302 ·

150 3386 257 3448 deseri
280 3406 314 3449 ss
341 3386 437 3450 etiam
464 3386 499 3450 in
529 3395 642 3451 senatu
671 3387 875 3468 conquerenti
902 3387 1032 3451 reniam
1057 3387 1154 3450 dedit

149 3490 234 3562 Quin
253 3496 286 3552 et
310 3491 514 3571 pertinacius
527 3493 754 3573 retinentibus,'
769 3494 840 3557 cibo
863 3512 920 3575 per
943 3491 1156 3574 quadriduum
1233 3559 1238 3568 ‚

149 3593 314 3656 abstinuit
369 3597 468 3659 Facta
500 3598 630 3665 tandem
665 3598 799 3662 abeundi
833 3605 1000 3681 potestate,
1034 3596 1156 3661 relictis

149 3699 271 3761 Rornae
299 3717 396 3762 uxore
423 3707 458 3765 ct
480 3700 549 3765 filio
571 3703 739 3767 walestim
765 3703 888 3768 Ostiam
916 3702 1091 3783 deseendit,
1115 3721 1157 3765 ne
1171 3720 1206 3771 ω
1233 3776 1245 3798 P

150 3802 246 3864 verbo
260 3802 387 3882 quidem
402 3804 823 3888 cuiquamprosequentium
837 3808 962 3871 reddito
978 3825 1157 3893 paucosque

88 3914 130 3963 n
144 3906 321 3969 admodum
334 3906 369 3970 in
381 3906 527 3986 digressu
541 3909 752 3974 exomulstua
796 3909 848 3996 Ab
861 3909 954 3977 Ostia
965 3928 1052 3974 cram
1066 3909 1158 3974 Gam-
