2572 4320
426 521 540 576 mss
562 521 611 577 vu
664 521 772 578 eruo.
1049 513 1117 582 118

97 704 212 761 oonetu
236 697 326 760 iuxte
352 694 531 759 oubioulum
558 694 628 757 eius
653 693 775 758 deoidit
801 693 970 776 ipsumque
998 714 1115 760 eruore

98 802 255 885 respersit
290 802 381 864 ‘Nem
409 819 536 882 perraro
563 799 750 880 praesidere,
774 807 910 862 ueterum
940 801 1115 881 soouhus,

98 908 205 990 parvis
226 907 362 988 primum
383 904 602 982 foraminibus,
616 904 731 967 deinde
751 911 819 968 toto
839 904 934 986 podio
954 905 1116 988 adoperto

99 1021 238 1095 speotere
252 1016 425 1075 consueret

138 1118 286 1182 Instituit
309 1124 353 1179 et·
366 1115 601 1198 quinquennale
628 1122 788 1178 uerterueu
814 1114 937 1196 primus
964 1115 1147 1181 omniume

99 1228 216 1287 Romae
226 1242 312 1285 more
322 1223 443 1285 Greeeo
453 1221 581 1302 triplex,
592 1220 748 1284 musieum
759 1221 938 1302 gymnicum
949 1231 1113 1302 equestre,

98 1330 182 1408 quod
195 1327 372 1409 appellavit
384 1326 541 1403 Neronie5
563 1324 780 1406 dedicatisque
795 1325 879 1388 ther·
902 1387 1083 1439 mum

99 1434 158 1497 mis
172 1441 267 1513 etque
278 1432 451 1513 gymnesio,
464 1431 589 1493 senatui
599 1448 724 1510 quoque
734 1437 768 1492 et
776 1430 878 1512 equiti

98 1541 201 1601 oleum
228 1537 383 1618 praebuit
436 1535 607 1616 Magistros
634 1520 703 1597 roto
729 1536 895 1598 emmiu
922 1540 1112 1619 praeposuit

97 1643 276 1733 oonsuleree
290 1649 384 1720 sorte,
398 1641 473 1704 sede
486 1644 675 1723 preetorum.
717 1640 842 1703 Deinde
861 1641 895 1704 iu
911 1641 1111 1707 orobestram
1128 1653 1151 1703 tt

98 1757 304 1829 senatumque
324 1748 497 1824 deseendit,
519 1742 558 1810 et
572 1747 724 1811 orationis
744 1748 872 1829 quidem
893 1749 1111 1831 terminisque

98 1855 204 1916 Latini
226 1872 383 1930 eoronam,
405 1853 445 1915 de
468 1871 533 1933 qus
554 1852 799 1914 honestissimus
821 1853 956 1933 quisque
979 1860 1112 1917 eonten-

98 1960 195 2032 deret,
210 1958 349 2038 ipsorum
369 1976 524 2020 eonsensu
542 1976 721 2019 eonoesseru
739 1955 802 2019 sibi
818 1957 946 2037 reeepit,
963 1957 1110 2022 eitheree

98 2072 202 2125 eutem
229 2083 249 2126 e
276 2062 433 2126 iudicibus
460 2063 501 2125 ed
528 2083 562 2125 se
584 2061 722 2125 deletum
747 2062 892 2127 udorerit
916 2063 1039 2145 forique
1064 2065 1110 2128 ed

98 2169 235 2248 Augusti
256 2175 394 2231 stetuem
415 2169 516 2231 iussit
560 2168 727 2248 Gymnioo,
741 2169 825 2248 quod
842 2169 875 2230 iu
893 2169 1019 2249 ereptis
1034 2169 1110 2233 ede·
1125 2176 1151 2224 ¹⁸

98 2274 160 2350 bet,
181 2273 265 2334 inter
285 2272 453 2354 buthysiae
474 2280 661 2355 epperetum
682 2273 811 2337 berbem
832 2274 964 2355 primam
987 2275 1107 2356 posuit,

98 2379 318 2460 conditumque
340 2380 373 2452 iu
394 2399 519 2442 eureem
540 2379 691 2462 pyxidem
712 2388 746 2444 et
764 2380 1004 2462 pretioeissimis
1025 2399 1109 2444 mer·

97 2485 208 2565 geritis
222 2487 405 2549 edometem
419 2484 577 2567 Capitolio
593 2486 796 2549 eonseornvit
838 2487 892 2550 lld
911 2486 1110 2550 ethleterum'

97 2594 310 2672 speeteoulum
324 2592 475 2655 inritavit
488 2600 520 2655 et
530 2592 669 2672 virgines
681 2592 836 2672 Vestales,
848 2594 924 2674 quie
937 2591 1108 2676 Olympiae

97 2718 220 2780 quoque
233 2699 357 2763 (leteris
372 2700 585 2764 seoerdotibus
601 2702 744 2782 speetere
756 2700 946 2763 oonoeditur.
1122 2713 1151 2764 π

60 2813 83 2866 e
135 2805 167 2867 N
169 2825 209 2868 on
230 2805 389 2869 immerito
407 2805 490 2869 inter
508 2799 688 2887 speoteoule
700 2807 740 2870 eb
753 2825 792 2869 eo
804 2807 892 2870 edite
903 2813 936 2869 et
949 2805 1106 2871 'liridetis

97 2911 129 2971 in
146 2913 256 2975 urbem
275 2912 439 2975 introitum
458 2914 644 2976 rettulerim.
685 2914 785 2986 Quem
799 2913 969 2976 Armeniae
987 2931 1105 2992 regem,

98 3018 218 3091 magnis
248 3017 531 3100 pollicitationibus
560 3020 774 3098 sollicitatum,
802 3039 874 3083 oum

96 3123 255 3188 destineto
268 3145 324 3206 per
337 3126 476 3190 edietum
489 3127 542 3190 die
555 3135 738 3192 ostensurus
757 3126 875 3208 populo
898 3101 1026 3230 ,ma

96 3239 223 3313 propter
246 3232 390 3296 nubilum
418 3234 604 3313 distulisset,
634 3234 875 3316 produxitque
1120 3246 1151 3296 8

96 3326 361 3421 opportunissime
374 3342 488 3424 potuit,
498 3342 664 3425 dispositis
674 3342 758 3406 oiree
768 3341 831 3404 fori
841 3339 962 3422 temple
970 3339 1102 3404 ermetis

96 3445 286 3524 eohortibus,
317 3447 418 3510 euruli
452 3448 593 3512 residens
627 3449 712 3529 opud
739 3452 843 3509 rostre
875 3445 1102 3526 triumphantis

97 3549 216 3630 habitu,
237 3551 321 3615 iuter
342 3553 433 3631 signe
452 3553 604 3616 militarie
616 3559 712 3634 etque
726 3552 863 3630 vexille;
884 3558 917 3615 et
931 3549 1033 3632 primo
1045 3569 1104 3632 per

95 3654 248 3721 devexum
270 3657 428 3741 pulpitum
451 3661 637 3723 subeuntem
657 3659 786 3724 edmisit
806 3660 847 3722 ed
867 3677 969 3739 genus
987 3657 1104 3722 elleve·

95 3765 224 3845 tumque
234 3764 349 3829 dextre
357 3754 558 3830 exoeouletu's
567 3773 626 3844 est,
636 3765 711 3828 dein
721 3764 863 3848 preesnti
874 3765 957 3829 time
965 3764 1103 3828 deduete
1117 3774 1152 3824 ω

95 3855 247 3933 ‹lindemu¹
259 3870 410 3953 inposuit,
426 3871 524 3936 verbe
543 3871 695 3953 suppliois
715 3871 926 3953 interpretato
944 3869 1103 3951 prseterio

94 3968 164 4035 viro
183 3973 382 4039 multitudini
402 3976 645 4059 pronuntiente3
666 3977 852 4059 perduntum
873 3975 948 4039 inde
964 3974 998 4038 in
1016 3973 1104 4039 tlree
