2572 4320
368 556 481 610 amsa
503 554 538 609 v.
591 554 705 610 nrvus
725 553 921 611 casunms
1108 546 1154 616 89

144 732 264 796 toribus
285 735 372 792 certa
391 727 479 791 lucra
500 728 673 808 proposuit,
694 734 841 808 suscepto
861 728 894 790 in
915 747 949 792 so
971 728 1101 809 damno,
1122 731 1152 794 si

144 840 195 901 cui
209 836 287 917 quid
305 854 362 915 per
378 841 583 914 tempestates
600 833 776 910 accidisset,
790 842 823 895 et
841 853 937 896 nares
955 842 1153 899 moratum

145 960 240 1004 causa
257 938 486 1002 fabricantibus
506 956 620 1015 magna
638 938 802 999 commoda
822 937 988 1000 constitnit
1001 957 1060 1017 pro
1077 958 1154 1002 oon·

97 1063 132 1113 ιο
146 1045 269 1107 dicione
281 1041 449 1121 cuiusque;
471 1042 533 1103 civi
547 1040 743 1102 vacationem
752 1040 831 1118 legis
840 1040 959 1120 Papiae
972 1041 1152 1120 Poppaeae,

146 1146 261 1209 Latino
281 1144 331 1206 ius
351 1143 533 1219 Quiritium,
560 1143 688 1204 feminis
710 1143 759 1205 ius
785 1150 935 1221 quattuor
960 1141 1182 1222 liberorum;s

146 1269 226 1328 quae
245 1247 426 1318 constituta,
440 1244 594 1324 hodieque
614 1252 788 1308 seruntur.

95 1366 134 1417 ao
186 1353 290 1428 Opera
308 1367 422 1426 magna
436 1347 636 1427 potiusquam
656 1338 878 1411 accesserint
890 1347 992 1408 multa
1004 1348 1152 1426 perfecit,

147 1454 201 1517 sed
220 1452 272 1514 vel
293 1451 477 1532 praecipua:
499 1450 630 1512 ductum
651 1469 803 1530 aquarum
821 1468 842 1511 a
858 1449 940 1512 Gaio
957 1449 1151 1526 incohatum,

147 1561 221 1622 item
236 1557 434 1620 emissarium
448 1556 560 1619 Fucini
572 1555 659 1619 lacus
670 1564 858 1636 portumque
868 1556 923 1620 Os·
946 1621 1132 1672 mm

146 1666 288 1747 timeon,
302 1680 491 1750 qusaroqiuuc
511 1661 606 1728 sciret
622 1679 661 1725 ex
676 1660 716 1725 iis
735 1660 923 1726 alterumab
1167 1676 1198 1727 so

147 1782 290 1858 Augusto
309 1774 509 1858 precantibus
524 1773 649 1839 assidue
670 1772 786 1839 Marsis
804 1783 962 1856 negatum,
975 1773 1111 1842 altarum
1132 1797 1153 1843 a

147 1884 230 1943 Divo
250 1880 334 1940 Iulio
358 1879 484 1958 saepius
507 1879 700 1941 destinatum
725 1897 762 1941 ao
784 1886 911 1959 proptor
931 1881 1151 1944 difficultatem

146 1988 305 2050 omissum.
345 1983 497 2049 Claudiae
513 2003 613 2064 aquae
630 1982 750 2065 gelidos
769 1990 802 2047 et
819 1984 929 2049 uberes
945 1985 1060 2066 lonms,
1075 2006 1153 2069 quo·

147 2112 215 2151 rum
229 2091 322 2153 alteri
331 2090 491 2166 Caeruleo,
502 2091 594 2151 alteri
606 2092 715 2167 Curtio
725 2099 758 2151 et
767 2091 947 2169 Albudigno
961 2111 1074 2154 nomeu
1087 2100 1150 2171 ost,

147 2196 303 2275 simulque
330 2194 433 2256 mrum
460 2193 595 2257 Anienis
621 2194 696 2256 novi
724 2194 849 2276 lapideo
866 2214 959 2276 opere
983 2195 1016 2258 in
1040 2195 1151 2259 urbem
1167 2207 1198 2255 ta

147 2301 303 2379 perduxit,
324 2299 497 2378 divisitque
522 2300 555 2361 in
580 2301 732 2379 plurimos
756 2308 790 2362 et
814 2301 1028 2364 ornatissimos
1052 2300 1151 2364 lacus

149 2403 301 2464 Fucinum
320 2405 487 2481 adgressus
506 2412 564 2480 cst,
579 2423 642 2466 non
665 2405 769 2467 minus
786 2406 964 2484 compendii
982 2423 1037 2485 spe
1053 2422 1152 2483 quam

148 2507 273 2585 gloriae,
288 2527 358 2568 cum
377 2508 505 2586 quidam
528 2508 653 2588 privato
673 2516 801 2588 sumptu
819 2509 986 2571 emissuros
999 2528 1034 2571 se
1047 2528 1152 2588 repro

148 2611 319 2685 mitterent,
344 2611 373 2671 si
400 2611 461 2673 sibi
485 2612 595 2673 siccati
620 2613 687 2688 agri
711 2613 959 2674 concederentur.
1001 2614 1062 2672 Per
1083 2612 1151 2673 tria

147 2721 251 2774 autem
277 2733 426 2792 passuum
448 2713 539 2774 milia
562 2714 678 2792 partim
697 2715 813 2776 effosso
836 2722 941 2775 monte
962 2713 1076 2793 partim
1097 2724 1198 2776 am)

148 2816 221 2892 ciso,
232 2818 373 2879 canalem
387 2817 475 2880 absol
480 2817 525 2880 vit
538 2837 629 2896 aegre
639 2825 673 2879 et
683 2825 755 2898 post
768 2817 911 2881 undecim
925 2836 1032 2894 annos,
1042 2835 1151 2897 quam·

148 2921 196 2980 vis
215 2922 374 2984 continuis
392 2923 489 2983 XXX
507 2923 668 2984 hominum
689 2923 816 2985 milibus
835 2924 903 2985 sino
916 2921 1149 2984 intermissione

147 3026 356 3104 operantibus.
389 3028 530 3088 ‘Portum
546 3026 655 3090 Ostiae
671 3027 837 3104 exstruxit,
850 3026 1062 3090 circumducto
1074 3024 1149 3087 dex·

148 3139 198 3192 tra
210 3132 401 3212 sinistraque
412 3131 540 3194 brachio
553 3138 587 3194 et
599 3133 639 3194 ad
653 3132 818 3195 introitum
832 3132 988 3213 profundo
1002 3130 1064 3192 iam
1078 3129 1149 3193 salo

148 3236 228 3297 mole
246 3237 384 3316 obiecta;
405 3257 500 3318 quam
519 3257 582 3318 quo
600 3238 746 3302 stabilius
764 3238 920 3314 fundaret,
939 3254 1050 3299 navem
1072 3241 1147 3298 aute
1162 3247 1196 3296 n

146 3342 306 3420 demersit,
320 3364 384 3425 qua
396 3363 528 3425 magnus
542 3343 698 3409 obeliscus
711 3363 750 3408 ex
764 3345 910 3426 Aegypto
924 3343 1027 3405 luerat
1039 3341 1149 3404 advec-

146 3454 207 3527 tus,
222 3451 442 3532 congestisque
460 3452 536 3534 pilis
554 3451 755 3533 superposuit
772 3450 958 3514 altissimam
976 3454 1094 3512 turrem
1110 3446 1148 3510 in

146 3556 325 3638 exemplum
344 3557 552 3635 Alexandrini
567 3557 673 3636 Phari,
687 3564 725 3620 ut
741 3558 783 3620 ad
795 3563 963 3620 nocturnos
976 3553 1064 3635 ignes
1080 3572 1149 3617 cur·

146 3679 215 3721 sum
229 3661 358 3740 navigia
371 3663 552 3742 dirigerent
1130 3655 1132 3659 ⁸

95 3764 131 3816 21
186 3763 354 3843 Congiaria
362 3767 478 3849 populo
487 3768 612 3849 saepius
623 3767 794 3830 distribuit
831 3765 1014 3847 Spectacula
1022 3782 1148 3844 quoque
1163 3771 1195 3820 ω

146 3870 308 3953 complura
325 3879 358 3936 et
370 3873 539 3953 magnilica
553 3872 664 3949 edidit,
678 3892 740 3935 non
753 3872 874 3937 usitata
889 3870 981 3934 modo
993 3887 1030 3932 ao
1042 3866 1148 3933 solitis

74 3964 75 3972 ¹
145 3970 232 4054 locis,
253 3977 310 4040 sed
331 3982 366 4042 st
387 3978 607 4043 commenticia
626 3983 659 4040 et
678 3996 718 4040 aa
738 3976 929 4057 antiquitate
948 3973 1094 4057 repetita,
1112 3979 1149 4036 st
