2572 4320
80 39 192 273 Ι.
197 260 207 265 -
230 262 233 267 .
378 242 408 253 ⁴·
499 244 708 277 Qus—...5
714 267 871 297 ula-.-
1058 39 1134 260 ΙΙ

877 291 1105 323 Ἣ..

130 512 180 582 82
214 525 248 582 e
267 524 428 583 semesi
448 526 680 596 ramnum
700 526 753 583 nr
771 528 867 583 vrrs
888 527 1093 585 oansaems
1126 555 1143 610 ·.

130 698 340 783 poti-imum
361 700 405 765 ad
426 719 463 765 ss
484 700 619 765 missum
637 700 730 783 quasi
748 701 792 765 ad
812 720 944 784 puerum
963 701 1146 783 regendum,

131 806 217 870 ndeo
227 814 340 871 utnon
346 806 519 885 defuerint,
529 806 586 889 qui
595 806 759 871 truderent
768 806 1010 891 praeeipitatnm
1021 826 1147 889 qnoque

132 912 171 976 in
188 912 318 993 dmm,
335 912 422 977 riom
440 912 579 977 restitus
596 913 777 977 adveneret
819 912 928 995 Atque
944 932 986 978 ex
1005 931 1043 977 eo
1059 932 1147 976 num·

131 1038 232 1104 qnam
244 1038 308 1085 non
325 1018 361 1084 in
380 1024 493 1085 matrs
511 1017 705 1086 norissimus
722 1018 934 1085 eonsulerium
953 1019 1144 1084 enuntiem

97 1128 229 1206 tdixig
242 1126 435 1209 ignominiae
450 1145 547 1190 musa
559 1132 634 1209 post
650 1126 755 1191 ornnis
773 1126 995 1208 interrogatus
1036 1126 1144 1192 Etiam

130 1232 274 1314 segnitie
280 1232 362 1297 -iairi
378 1232 560 1296 testarnemi
574 1239 702 1314 reeepta
713 1240 773 1312 est,
787 1232 821 1297 in
837 1252 901 1315 quo
913 1240 949 1297 et
961 1234 1030 1315 ipse
1043 1233 1146 1314 signa·

132 1346 233 1405 verat.
272 1340 439 1406 suosne
457 1338 641 1405 momen
665 1339 804 1421 ootogies
827 1360 887 1424 pro
909 1340 1044 1405 introitu
1068 1342 1143 1405 novi

131 1448 302 1514 muntii
317 1454 444 1512 sonetur
458 1430 650 1531 impendere,
664 1446 706 1512 ad
719 1467 774 1512 sas
787 1448 833 1510 rei
850 1447 1019 1512 imuilierie
1032 1468 1144 1529 engers-

131 1555 198 1618 tiar
209 1554 338 1632 desidit,
351 1560 390 1617 ut
400 1573 474 1618 oum
492 1554 666 1634 obligutam
679 1554 801 1617 serame
817 1554 914 1617 fidem
927 1553 1060 1618 liberare
1078 1575 1142 1618 non

85 1678 117 1728 Ι
130 1667 251 1743 ponet,
269 1659 305 1723 in
328 1678 462 1725 raonem
482 1660 554 1742 iege
574 1659 788 1744 prsediatoria
809 1659 932 1724 venulis
956 1661 1146 1743 pependerit·

358 1768 420 1832 sub
438 1768 545 1832 edieto
558 1767 799 1850 praetentorum
841 1766 904 1829 Per
922 1765 1000 1830 haee
1013 1786 1050 1830 ao
1063 1767 1143 1832 talia
1156 1779 1179 1830 ιι

358 1874 498 1938 maxima
518 1873 634 1938 aetatis
655 1880 746 1956 parte
765 1878 936 1952 trnrrsaeta,
950 1873 1142 1955 quinquage

130 1983 213 2047 siano
221 2001 306 2046 anno
315 1981 484 2063 imperium
492 1981 579 2060 oepit
588 1979 795 2059 quantumvis
805 1979 943 2042 mirabili
954 1999 1038 2042 easta
1080 1981 1143 2042 Ex·

128 2090 239 2153 elusus
265 2088 351 2152 inter
375 2093 497 2150 eeteros
520 2086 562 2148 ab
586 2085 825 2148 insidiatoribus
850 2084 921 2161 Gai,
945 2104 1027 2163 enm,
1048 2087 1141 2166 quusi

82 2213 115 2262 rs
128 2204 287 2261 nemetum
297 2215 336 2259 eo
344 2194 553 2270 desiderante,
563 2192 688 2254 turbam
703 2192 933 2269 submoverent,
944 2193 978 2255 in
991 2192 1139 2270 diaetam,

127 2303 181 2366 eni
200 2320 317 2365 nornen
333 2307 384 2365 est
398 2301 599 2376 Hermaeum,
621 2303 809 2374 reeesserat3
828 2316 931 2377 neque
948 2297 1140 2380 multopest

128 2408 370 2472 rumoreenedie
383 2405 563 2480 exterritus,
574 2403 733 2484 prorepsit
742 2402 783 2465 ad
797 2402 947 2466 solarium
962 2404 1138 2484 proximum
1171 2400 1176 2406 ’

129 2514 276 2595 interque
295 2517 460 2594 praetenta
487 2509 611 2572 foribus
635 2508 707 2571 vele
731 2528 765 2571 ee
788 2509 921 2572 abdidit
971 2511 1138 2572 latentem

126 2622 310 2685 diseurrenr
323 2619 407 2682 forte
425 2616 586 2698 gregarius
603 2615 704 2694 miles,
719 2615 948 2681 animadversis
962 2617 1104 2699 pedibus,
1119 2635 1137 2679 e

80 2745 114 2795 Ι
127 2728 239 2792 studio
254 2726 437 2791 mieeitrndi
454 2724 600 2805 quienem
615 2732 709 2800 esset,
724 2724 886 2802 adgnovit,
900 2731 1137 2806 extractumque

126 2842 164 2898 et
175 2852 252 2916 prae
266 2840 352 2897 metu
367 2832 408 2895 nd
423 2849 526 2912 genua
537 2829 600 2893 sibi
613 2830 807 2893 aeeideutem
822 2829 1043 2912 imperatorem
1057 2830 1138 2894 salu·

127 2941 221 3005 tavit
262 2939 350 3002 Hine
365 2938 406 3000 ad
426 2937 506 3001 alios
524 2937 755 3000 eommilitones
774 2937 959 3003 duetuentis
977 2958 1035 3002 neo
1053 2938 1137 3019 quie·

126 3067 226 3131 quam
245 3045 349 3110 adhue
367 3063 463 3125 quam
482 3043 648 3106 frementis
666 3044 824 3125 perduxit
866 3045 920 3108 Ab
937 3046 987 3110 bis
1006 3047 1136 3109 leetieee

126 3153 298 3236 impositus
309 3158 353 3230 et,
363 3151 441 3233 quia
453 3149 504 3214 sui
518 3150 720 3230 diffugerant,
735 3151 874 3216 rieissim
890 3153 1135 3216 suoeollantibus

80 3279 111 3328 Ι
125 3261 163 3323 in
179 3267 285 3324 mua
296 3257 422 3322 deletus
440 3263 491 3319 est
506 3256 609 3320 tristis
628 3277 666 3320 ao
686 3258 839 3338 trepidus,
854 3259 1023 3325 miserante
1041 3259 1135 3323 obvia

125 3367 223 3430 mres
234 3363 326 3447 quasi
339 3364 381 3427 ad
395 3382 526 3445 poenam
543 3371 705 3445 raperetur
718 3365 835 3428 insons
877 3366 1036 3455 Rpoeptus
1049 3365 1135 3429 intra
1165 3413 1179 3455 ,ς

126 3472 258 3551 vallum,
284 3471 368 3533 inter
394 3472 544 3535 eroubias
571 3471 710 3534 militum
737 3473 943 3553 pemoetavit,
971 3474 1134 3555 eliquanto

126 3578 249 3641 minore
266 3595 324 3658 epe
341 3595 437 3657 quam
456 3576 578 3639 ddueia
620 3578 704 3639 Nem
722 3577 866 3642 eonsules
884 3597 956 3640 eum
970 3587 1082 3642 senatu
1099 3587 1133 3644 et

124 3683 309 3749 eobortibns
335 3681 465 3747 urbanis
490 3682 594 3745 forum
617 3680 872 3764 Capitoliumque
894 3696 1131 3766 oeeupaverant,

80 3804 111 3851 Ι
125 3790 279 3854 essermri
298 3806 494 3853 menonem
515 3787 712 3866 libertatem
733 3788 915 3869 sonitusque
935 3796 968 3852 et
988 3789 1057 3870 ipse
1077 3811 1133 3872 per

124 3896 272 3960 tribuno·
293 3891 396 3975 plebis
414 3891 449 3953 in
466 3891 587 3954 euriam
605 3891 647 3954 ad
664 3891 827 3955 sumenda
841 3910 922 3973 quae
940 3893 1131 3968 riderentur,

124 4006 204 4066 siae
217 3995 717 4077 mmmmmponffit
758 3997 874 4060 Verum
886 3997 1132 4079 posterodie,et
