2572 4320
455 547 589 602 mss
612 548 660 602 ιν
712 548 967 604 ecsnrnnns
1026 599 1030 606 .
1181 539 1228 607 61

220 721 290 801 peio
304 719 414 802 stirpis
432 719 581 799 antiquae
598 662 744 799 Magni.
723 739 903 800 eognomem
946 719 1170 800 Ptolemaeum,
1184 721 1229 786 de

220 847 281 907 quo
296 825 415 902 rettuli,
429 831 462 887 et
476 824 661 888 sreessitum
674 845 692 887 e
707 844 803 903 regno
816 832 848 887 et
864 832 1027 908 exeeptum
1044 824 1227 907 bonorillee,

220 951 281 993 non
303 930 367 993 slis
383 930 423 992 de
443 948 539 992 osuss
555 936 685 1010 repente
702 930 866 1011 peroussit,
885 949 980 1011 quern
997 931 1091 1012 quod,
1111 931 1229 996 edente

221 1055 254 1097 se
281 1055 406 1112 munus,
434 1032 616 1114 ingressum
637 1035 817 1115 speetuouls
843 1034 1035 1099 eonvertisse
1062 1016 1229 1101 bominum

220 1139 326 1200 oeulos
339 1138 463 1216 fulgore
476 1157 652 1220 purpureae
663 1138 784 1202 sbollse
797 1138 1028 1202 animadvertit
1070 1139 1228 1204 Pulebros
1242 1155 1261 1204 ι

220 1252 253 1304 et
266 1253 413 1319 pommus,
425 1244 572 1322 quotiens
586 1243 648 1306 sibi
666 1251 873 1320 ooeurrerent,
881 1243 1028 1325 ooeipitio
1041 1263 1112 1306 reso
1121 1244 1229 1307 detur·

144 1368 146 1372 ·
221 1349 323 1425 pubet
366 1347 447 1408 llrst
466 1347 561 1408 Eslus
581 1347 733 1409 Proculus
753 1357 844 1426 pstre
864 1348 1063 1426 primipilari,
1081 1347 1121 1410 ob
1141 1367 1229 1426 egre

221 1452 302 1530 giam
317 1451 455 1533 eorporis
466 1450 707 1533 amplitudinem
721 1458 754 1514 et
768 1451 903 1532 speeiem
914 1450 1094 1516 Colosseros
1106 1448 1228 1532 dietum

220 1559 304 1619 huno
325 1557 514 1637 spectaculis
536 1558 712 1620 detreotum
738 1565 922 1639 repentest
943 1557 976 1619 in
1000 1557 1149 1621 herenam
1174 1558 1231 1622 de·

220 1663 350 1724 ductum
364 1662 497 1725 Thrseoi
519 1667 552 1725 et
572 1682 646 1725 mox
665 1662 872 1743 hoplomacho
889 1661 1094 1743 eompnrsvit,
1113 1661 1227 1744 bisque
1244 1676 1275 1725 re

221 1769 371 1829 victorem
392 1767 565 1846 eonstringi
588 1768 656 1830 sine
676 1787 764 1830 mors
784 1768 879 1831 iussit
897 1775 931 1831 et
950 1768 1065 1848 pennis
1087 1767 1227 1832 obsitum

220 1871 349 1932 vicatim
368 1872 559 1933 oiroumduei
581 1891 618 1934 so
642 1872 826 1933 mulieribus
846 1871 981 1948 ostendi,
1002 1871 1115 1933 deinde
1139 1871 1229 1950 iugu-

270 1973 447 2038 ssNullus
467 1971 603 2054 denique
628 1981 694 2036 tsnr
718 1975 858 2037 obieetse
880 1974 1074 2036 eondieionis
1096 1982 1227 2054 temque

219 2086 377 2139 extremae
400 2079 496 2140 sortis
524 2079 598 2154 luit,
621 2079 711 2140 euius
738 2098 802 2141 ιιοιι
828 2078 999 2141 omnmodis
1025 2079 1225 2142 obtreotnret.

219 2180 404 2245 Nemorensi
425 2181 502 2262 regi,
516 2160 601 2262 quod
619 2181 764 2246 multos
755 2201 818 2245 rem
837 2200 936 2244 ennos
954 2187 1114 2262 poteretur
1127 2200 1227 2244 ssess-
1242 2199 1273 2248 ιι

219 2285 314 2364 dotio,
329 2286 514 2350 validiorem
528 2286 743 2350 adverserium
760 2287 950 2350 subornavit
993 2287 1072 2351 Cum
1087 2287 1224 2367 quodum

218 2391 270 2452 die
297 2392 438 2453 muneris
471 2393 630 2454 essedario
664 2393 767 2469 Porio,
801 2394 844 2454 ob
876 2411 1055 2471 prosperam
1085 2409 1224 2470 pugnem

218 2515 343 2557 servum
365 2515 458 2559 suurn
483 2496 729 2573 manumittenti,
755 2495 930 2559 studiosius
956 2493 1101 2576 pleusunr
1127 2501 1223 2571 esset,

217 2601 263 2661 its
289 2601 447 2683 proripuit
473 2621 508 2664 se
540 2602 738 2682 speetseulis‚
767 2608 805 2663 ut
830 2601 950 2663 nolente
983 2599 1099 2662 lueinie
1130 2605 1224 2677 logne

217 2724 366 2785 prseoeps
393 2725 450 2787 per
476 2706 592 2785 gindus
619 2707 689 2785 iret,
718 2705 972 2784 indignabundus
999 2711 1033 2767 et
1054 2693 1222 2768 oleinitnns
1237 2721 1271 2770 s)

216 2814 374 2874 dominum
395 2815 530 2893 pestium
547 2814 696 2892 populum
719 2831 756 2874 en
779 2831 812 2874 rs
834 2813 988 2874 leulsm
1006 2811 1078 2900 plus
1098 2809 1223 2870 tonores

215 2919 380 2996 plodintorl
413 2920 592 2980 tribuentem
618 2937 712 2997 puers
745 2920 924 2980 meus
944 2916 1134 2995 principibu
1164 2922 1222 2976 ost

210 3025 367 3100 praesente·
388 3025 455 3085 sabi.

88 3187 200 3306 j3²13?
254 3235 433 3317 Nepotatus
451 3234 630 3318 sumptibus
648 3234 788 3298 omnium
806 3232 1011 3339 prodigorum
1024 3227 1152 3310 ingenis
1171 3248 1223 3293 su-

215 3341 346 3420 peravit,
368 3349 562 3406 eommentns
586 3359 703 3404 novum
730 3339 910 3403 balneorum
938 3356 1040 3414 nsum,
1063 3341 1222 3417 portento-
1235 3351 1267 3400 Ι

215 3446 341 3510 sissimo
363 3467 478 3526 geners
496 3447 635 3512 ciborum
656 3453 751 3527 etque
774 3448 931 3521 oensrurn,
955 3447 993 3505 ut
1016 3507 1175 3571 mm

214 3658 387 3723 tiosissime
399 3659 570 3739 mergerits
582 3665 671 3724 noeto
683 3658 856 3741 liquelsetn
866 3656 1013 3736 sorberet,
1023 3653 1166 3721 eonsivis
1178 3673 1219 3718 ex
1265 3670 1271 3683 ¹

214 3782 290 3825 suro
303 3784 401 3845 pmes
418 3772 453 3828 et
470 3766 602 3829 obsonio
619 3772 798 3846 opponeret,
812 3773 868 3827 aut
878 3766 969 3844 fisos·
989 3763 1140 3826 Ιιοιιιίιιοιι
1154 3779 1218 3824 esse

214 3879 348 3946 oportere
369 3870 521 3936 diotitsns
541 3879 596 3935 aul
618 3870 786 3935 Οιιιαιιιιι
827 3867 911 3944 Quin
935 3874 969 3932 et
989 3885 1134 3932 nummos
1153 3884 1217 3928 non
1233 3883 1266 3934 s)

205 3973 378 4041 medloorr's
395 3995 538 4042 summes
555 3994 573 4039 e
592 3975 723 4055 lestigio
739 3973 887 4038 tunimo
904 3971 1008 4037 Iulius
1023 3989 1080 4054 per
1094 3971 1219 4053 aliquot
