2572 4320
436 581 550 636 nmen
572 581 622 637 ιν.
671 583 703 637 c.
727 582 926 637 cecinnae
1136 569 1181 638 47

176 755 282 819 culum
303 761 336 817 et
354 754 389 815 in
409 752 585 833 proximam
604 753 766 816 civitatem
785 753 968 817 demandari
989 753 1182 816 animedven
1264 777 1272 791 ·

177 863 309 938 tissent3
329 866 405 922 tunc
422 860 550 922 demum
571 859 612 920 ad
632 858 860 940 poenitentiam
874 857 958 921 versi
979 877 1126 939 reprenso
1143 876 1181 922 ao

177 975 300 1031 retento
313 965 467 1042 vehiculo,
481 965 636 1029 invidiam
650 964 805 1045 quaesibi
820 965 909 1028 fieret
922 963 1081 1046 deprecati
1096 970 1178 1027 sunt

126 1089 163 1142 ιο
176 1074 352 1138 Comitatus
366 1080 416 1136 est
429 1078 552 1154 patrem
572 1079 606 1134 et
627 1071 757 1153 Syrisce
775 1071 984 1152 expeditione
1027 1060 1123 1135 Unde¹
1135 1089 1181 1134 rs·

175 1201 285 1244 versus
304 1183 441 1261 primum
455 1179 489 1241 in
503 1178 623 1256 matris,
638 1177 752 1241 deinde
765 1197 804 1242 ea
816 1179 956 1257 relegata
978 1220 1025 1271 m·
1034 1222 1106 1284 osny
1193 1190 1211 1241 e

175 1286 208 1348 in
230 1285 339 1347 Liviae
353 1284 517 1363 Augustae
537 1283 683 1365 proaviae
703 1302 777 1345 sune
793 1284 955 1346 contuber·
978 1298 1114 1358 ymno

175 1393 229 1454 nio
252 1390 388 1470 mansit3
415 1409 511 1471 quam
532 1389 716 1453 defunctam
738 1396 954 1470 praetextatus
977 1372 1110 1420 m

174 1496 269 1557 etiam
279 1502 356 1558 tuno
365 1514 423 1574 pro
433 1494 544 1557 rostris
555 1493 705 1555 laudavit
742 1495 944 1574 Transiitque
953 1493 995 1558 ad
1008 1495 1178 1558 Antoniam

174 1600 276 1663 aviam
294 1606 327 1662 et
345 1597 601 1662 undevicensimo
621 1597 737 1661 uetatis
756 1618 849 1677 anno,
862 1600 981 1663 accitus
1002 1602 1137 1682 Capreas
1158 1621 1179 1665 a

174 1707 308 1785 Tiberio,
323 1726 387 1770 uno
399 1712 495 1788 atque
513 1705 622 1768 eodem
643 1705 695 1768 die
715 1711 821 1786 togam
840 1706 977 1788 sumpsit
989 1708 1178 1790 barbamque
1194 1723 1225 1774 ιο

173 1815 289 1896 posuit,
306 1813 375 1877 sine
396 1812 464 1876 ullo
486 1814 603 1876 honore
626 1813 731 1893 qualis
752 1813 928 1894 contigeret
951 1814 1097 1879 tirocinio
1117 1817 1179 1880 fra·

173 1928 256 1983 trum
272 1922 350 1985 eius.
392 1920 621 1984 Hicnmnibus
641 1920 768 1984 insidiis
789 1928 963 2003 temptatus
984 1921 1177 1986 elicientium

172 2027 414 2108 cogentiumque
427 2047 461 2090 se
475 2027 515 2090 ed
529 2027 682 2108 querelas,
694 2027 815 2091 nullam
825 2047 973 2109 umquam
984 2029 1177 2092 occasionem

172 2135 269 2209 dedit,
284 2134 414 2212 perinde
428 2132 597 2196 obliterato
614 2153 741 2197 suorum
755 2154 830 2196 casu
843 2152 880 2197 ac
894 2134 921 2199 si
937 2136 1016 2197 nihil
1030 2134 1176 2216 cuiquam

172 2237 356 2316 accidisset3
378 2257 548 2317 quaerero
566 2237 634 2318 ipse
653 2245 823 2319 pateretur,
838 2239 1016 2302 incredibili
1032 2239 1176 2303 dissimu·
1192 2260 1224 2308 re

81 2389 86 2396 .
172 2340 289 2403 latione
302 2341 522 2406 transmittens
540 2342 685 2422 tantique
699 2342 732 2403 in
747 2361 841 2404 evum
859 2351 893 2405 et
910 2343 965 2422 qni
982 2343 1074 2406 iuxta
1086 2351 1176 2407 erant

171 2447 322 2529 obsequii,
337 2455 451 2511 utnon
465 2448 623 2511 immerito
637 2448 681 2511 sit
693 2448 823 2527 dietum,
832 2469 1013 2512 asemon
1024 2452 1175 2514 meliorem

121 2562 156 2613 11
172 2558 276 2632 alitem,
297 2575 352 2617 neo
372 2559 549 2618 deteriorem
569 2558 727 2618 dominum
742 2559 851 2634 fuisse.
868 2525 1046 2642 'Naturam
1068 2563 1174 2620 tamen

172 2679 298 2721 saevum
312 2667 408 2740 atque
418 2661 601 2740 probrosum
610 2680 651 2723 ne
662 2667 739 2723 tunc
749 2661 876 2741 quidem
888 2661 1030 2724 inhibere
1040 2669 1172 2743 poterat,

172 2765 248 2842 quin
263 2772 296 2826 et
308 2765 632 2829 animadversionibus
645 2765 817 2845 poenisque
830 2767 871 2828 ad
885 2766 1075 2847 supplicium
1088 2768 1173 2830 dato·
1189 2784 1223 2832 e)

172 2887 239 2929 rum
249 2869 453 2949 cupidissime
461 2870 638 2947 interesset,
647 2878 680 2932 et
688 2889 804 2949 ganeas
814 2876 909 2951 atque
917 2870 1073 2933 adulteris
1080 2870 1174 2951 capil-

171 2972 309 3037 lamento
317 2974 436 3038 celetur
447 2981 481 3038 et
489 2981 576 3038 veste
587 2974 681 3056 longa
691 2974 836 3037 noctibus
850 2975 960 3053 obiret,
969 2993 1005 3037 ao
1015 2975 1172 3038 scaenicas

88 3151 89 3154 Ἴ
172 3080 308 3142 saltandi
325 3082 519 3162 canendique
532 3089 618 3145 artes
632 3081 865 3145 studiosissime
878 3087 1057 3161 appeteret;
1078 3079 1172 3144 facile

173 3185 206 3246 id
230 3205 305 3248 sane
325 3187 454 3251 Tiberio
473 3188 623 3269 patiente,
643 3187 671 3250 si
692 3206 749 3270 per
766 3186 825 3250 has
845 3185 1045 3251 mansuefieri
1066 3191 1175 3267 posset

172 3291 274 3352 ferum
283 3291 353 3355 eius
362 3292 532 3373 ingenium.
559 3293 649 3366 Quod
658 3292 878 3373 sagacissimus
887 3311 982 3354 senex
991 3291 1173 3371 itaprorsus
1189 3311 1222 3360 aa

172 3405 382 3477 perspexerat,
404 3406 441 3461 ut
464 3398 656 3479 aliquotiens
679 3397 883 3479 pmdicaret,
908 3396 1008 3460 exitio
1031 3416 1088 3459 suo
1110 3414 1175 3457 om·

171 3502 320 3583 niumque
329 3503 444 3567 Gaium
455 3504 561 3567 vivere
574 3511 651 3567 etse
665 3503 816 3566 natricem
828 3501 1001 3585 [serpentis
1014 3501 1048 3564 id
1056 3501 1173 3586 genus]

171 3606 288 3687 populo
301 3609 445 3672 Romano
457 3607 687 3671 Phaethontem
703 3607 772 3672 orbi
786 3615 940 3670 terrarum
954 3606 1095 3669 educere

92 3698 141 3792 ἕ
210 3714 282 3776 Non
305 3714 354 3778 ita
374 3714 475 3779 multo
496 3721 569 3796 post
588 3713 713 3778 Iuniam
730 3712 919 3779 Claudillam
941 3713 987 3776 li
1002 3710 1102 3776 Silani
1122 3729 1176 3775 no·
1243 3736 1248 3745 ·

121 3824 157 3877 12
170 3801 751 3895 bitinimivirifilicmduxitoxorem
785 3817 1176 3900 minoemmuuoum
1190 3831 1223 3883 o

171 3923 280 3987 fratris
302 3924 353 3987 sui
372 3926 470 3988 Drusi
491 3926 679 4002 destinatus,
703 3925 791 4007 prius
815 3944 911 4006 quam
934 3923 1176 4005 inauguraretur

170 4030 213 4091 ad
228 4028 447 4110 pontificatum
461 4031 626 4096 traductus
642 4037 693 4095 eet
709 4012 827 4113 insigni
849 4028 1032 4094 testimonio
1045 4027 1177 4110 pietatis
