2572 4320
365 525 479 578 nrnss
501 524 536 578 v.
586 525 700 579 nrvns
721 526 915 581 cnsunrus
1086 516 1152 584 105
1196 490 1207 506 ⁸

142 708 290 780 ratusque
306 705 357 761 est
372 696 520 761 sollemni
536 696 715 780 principum
736 718 851 781 pompa
869 706 903 764 et
922 699 956 762 in
978 719 1150 766 nnmerum

141 808 269 868 deorum
292 803 429 868 relatus:
457 822 550 885 quem
578 803 726 867 bonorem
755 824 776 868 s
800 805 926 869 Nerone
951 805 1150 873 destitutum

141 912 354 992 abolitumque
373 909 492 992 renepit
510 930 584 974 mox
604 930 660 993 per
680 911 915 993 Vespoeinnunn
1052 958 1055 962 -

90 1032 128 1083 ss
143 1017 309 1097 Praesagia
334 1016 446 1078 mortis
476 1016 543 1079 eius
575 1018 746 1098 praecipue
773 1019 916 1081 fuerunt:
942 992 1127 1132 m&

141 1131 267 1188 exortus
286 1121 419 1185 crinitae
440 1121 560 1200 stellae,
579 1121 689 1205 [qnam
709 1129 851 1187 uometen
869 1144 918 1188 vn
1160 1145 1178 1194 t

141 1233 239 1315 eant]
254 1237 436 1310 tantumque
449 1230 490 1292 de
504 1229 592 1292 eaelo
611 1238 847 1294 monumentum
870 1231 965 1295 Drusi
986 1232 1102 1314 patris,
1115 1241 1148 1296 et

141 1336 224 1416 quod
237 1334 346 1396 eodem
359 1353 443 1396 enno
455 1352 495 1396 ex
509 1335 648 1396 omniurn
664 1336 905 1414 magistratuum
922 1355 1034 1415 genere
1054 1338 1148 1418 pleri·

100 1418 103 1425 ¹
142 1460 201 1520 que
225 1446 356 1503 mortem
381 1439 533 1503 obierant
575 1441 639 1503 Sed
661 1461 718 1503 nee
741 1441 808 1522 ipse
830 1441 988 1521 ignorasse
1008 1449 1065 1505 aut
1086 1444 1148 1507 dis

142 1545 305 1607 simulasse
333 1543 447 1606 ultime
474 1545 558 1607 vitae
586 1564 661 1607 sune
693 1552 834 1627 tempora
860 1547 995 1623 videtur,
1022 1547 1148 1627 aliquot

143 1649 269 1728 quidem
292 1647 496 1727 argumentis
537 1649 622 1711 Nam
646 1656 680 1712 et
700 1669 771 1711 eum
792 1650 935 1714 eonsules
954 1649 1190 1728 designaretis

143 1753 298 1814 neminem
304 1753 396 1816 ultre
409 1771 548 1817 mensem
562 1773 625 1835 quo
638 1753 718 1817 obiit
731 1754 918 1834 designavit,
929 1761 962 1817 et
974 1752 1009 1816 in
1023 1761 1147 1832 mnata,

143 1858 193 1919 uui
216 1858 389 1920 novissime
412 1857 570 1936 interfuit,
593 1859 729 1921 multum
750 1859 792 1922 sd
812 1858 1008 1922 eonesrdism
1029 1859 1147 1923 liberes

143 1983 215 2025 suos
235 1962 427 2041 eohortatus,
447 1963 614 2045 utriusque
634 1970 770 2026 aetatem
794 1963 977 2045 snppiieiter
1001 1964 1148 2044 patribus

143 2067 383 2146 commendavit,
397 2074 430 2131 st
443 2068 478 2130 in
491 2068 606 2131 ultima
618 2067 795 2148 segnitione
809 2087 866 2150 pro
881 2067 1032 2132 tribunsli
1052 2087 1160 2133 um.

144 2176 217 2234 subse
230 2176 375 2252 adfinem
393 2176 597 2251 munte,
610 2192 801 2255 quamquem
816 2172 1069 2238 abominantibus
1090 2173 1149 2257 qni
1164 2192 1193 2240 tt

144 2277 321 2356 audiebant
336 2277 434 2342 semel
447 2284 543 2360 stqne
556 2278 672 2342 iterum
685 2278 910 2361 pronuntiavit
1024 2286 1028 2293 ’
