2572 4320
534 480 719 535 omnen
768 479 876 536 onan
1149 464 1175 536 1

205 664 239 720 et
259 653 376 719 sororio
396 653 493 732 loeo?
508 651 713 736 querentibus
733 651 870 716 dominia
897 651 1076 736 arumna
1096 665 1190 735 repro

206 760 361 827 senmudu
373 758 730 842 praemiainpoaterum
741 757 856 823 enuit
898 756 1080 823 Maiestatis
1089 775 1198 841 quoqu

205 876 239 932 et
258 866 485 930 adulteriorum
507 865 682 947 inuentique
703 883 774 927 eum
796 882 902 927 aorore
928 863 1053 945 lepida
1078 864 1142 929 rub
1168 879 1204 929 e:

205 992 295 1035 oeeeu
309 971 416 1034 'liberi
432 989 513 1046 reue,
528 970 703 1033 mutatione
716 977 890 1049 temporum
903 968 1006 1032 evaeit
1015 967 1211 1051 deuouitqu

206 1077 321 1159 Pyrgis
343 1075 451 1137 morbo
472 1093 572 1154 aquoe
593 1073 770 1151 interoutie,
791 1073 919 1137 aublato
938 1072 1006 1136 lilio
1025 1073 1161 1138 Nerone
1179 1089 1218 1138 e:

207 1182 392 1262 Agrippina,
407 1177 594 1242 Germanioo
607 1179 723 1258 genita

176 1298 194 1349 o
246 1288 332 1349 Nero
344 1291 439 1347 natue
453 1288 503 1346 eet
517 1284 596 1346 Anti
611 1290 684 1365 poet
693 1283 797 1346 VIIII
812 1284 1056 1364 menumquam
1066 1283 1232 1349 Tiberina

207 1391 350 1468 oxoeoeit,
370 1390 487 1452 XVIII
510 1389 584 1452 Kal
605 1389 672 1451 Ion
697 1395 820 1451 tantum
846 1388 931 1468 quod
951 1387 1116 1451 exoriente
1141 1390 1240 1469 sole.

207 1514 305 1577 paene
332 1500 369 1556 ut
395 1495 495 1557 radiis
522 1492 612 1574 prino
639 1512 734 1573 quam
761 1500 846 1555 terra
871 1493 990 1555 eontin-

207 1607 340 1679 geretur.
383 1602 431 1662 De
452 1601 599 1681 genitura
617 1598 685 1661 eiua
706 1598 816 1661 atatim
835 1596 938 1660 multa
956 1556 1091 1661 σιω

208 1705 413 1769 formidolosa
433 1704 544 1768 multia
565 1704 825 1782 mnieooantibur,
846 1703 1010 1786 praesagio
1030 1702 1099 1767 iuit
1117 1704 1221 1770 otiam

208 1811 327 1873 Domiti
347 1811 448 1892 patrie
462 1830 534 1888 vox,
549 1811 632 1873 inter
646 1810 874 1890 gratulationes
889 1810 1060 1873 amioorum
1075 1815 1222 1892 nepertia

208 1922 368 1994 qraeiequom
382 1935 419 1976 ea
431 1934 463 1977 oe
477 1924 505 1977 et
516 1917 691 1994 Aprippt‘no
705 1918 766 1976 aiei
779 1917 951 1977 demolito
961 1924 989 1977 et
999 1916 1082 1976 molo
1090 1919 1220 1994 paetico

208 2024 292 2083 nurci
315 2023 459 2100 ροιιιίιιε.
517 2019 668 2083 Eiusdem
696 2020 822 2083 futurae
850 2018 1051 2083 infelicitatis
1087 2019 1220 2100 tignum

208 2129 336 2190 evidene
360 2127 413 2189 (lie
437 2126 568 2190 luetrieo
596 2127 741 2205 exstitit5
772 2147 847 2189 narn
871 2127 906 2191 0.
935 2128 1059 2204 Caeear,
1083 2137 1220 2207 rogante
1280 2150 1285 2160 ’

209 2251 311 2294 eorore
326 2239 362 2293 ut
376 2231 493 2293 infanti
514 2231 598 2311 quod
614 2230 713 2293 vellet
731 2250 844 2294 nomen
863 2230 963 2308 daret,
978 2232 1106 2294 intuene
1125 2232 1221 2296 Olau-

208 2338 296 2398 dium
310 2344 456 2418 patruum
471 2357 574 2414 ouum,
588 2357 609 2399 a
621 2357 684 2418 quo
697 2357 771 2400 mox
785 2337 927 2419 principe
943 2338 1028 2400 Nero
1045 2337 1219 2418 adoptatur

208 2450 264 2517 eet,
279 2447 345 2504 etue
358 2461 389 2503 ae
403 2442 487 2504 dixit
504 2447 589 2517 dare,
604 2461 705 2521 neque
721 2441 790 2520 ipse
807 2442 890 2504 serio
902 2442 959 2504 aed
978 2461 1035 2521 per
1055 2441 1169 2519 ioonm,
1184 2451 1220 2515 et

208 2553 396 2625 aspernante
411 2546 600 2627 Agrippina,
613 2547 699 2628 quod
713 2552 781 2607 tum
800 2546 953 2609 Claudius
972 2546 1057 2608 inter
1075 2544 1219 2610 ludibria

208 2651 297 2714 aulae
311 2661 387 2715 erat
1232 2661 1262 2711 ἲ)

249 2756 409 2820 Trimulus
431 2762 553 2837 patrem
574 2756 699 2835 emisit3
724 2757 814 2825 ouius
834 2774 874 2818 ex
894 2763 987 2837 parte
1004 2757 1101 2819 tertia
1114 2755 1216 2834 hereo,

209 2880 247 2922 ne
262 2862 341 2925 hone
356 2861 484 2942 quidem
502 2861 657 2941 integram
676 2862 769 2943 oepit,
788 2862 941 2943 oorroptie
960 2881 1017 2944 per
1029 2861 1217 2925 ooherrdem

209 2967 321 3027 Guium
344 2966 501 3030 univeroie
523 2967 621 3028 bunia
671 2969 715 3030 Et
735 2968 869 3029 subinde
890 2975 990 3029 matre

209 3069 303 3130 otiam
335 3070 482 3150 relegata,
512 3089 612 3152 paene
645 3070 736 3155 inope
768 3078 864 3151 atque
896 3091 990 3151 egene

209 3176 291 3256 apud
305 3176 435 3240 amitam
451 3176 602 3260 Lepidum
619 3176 758 3240 nutritur
773 3159 833 3255 eet,
847 3178 907 3241 rub
924 3177 1046 3243 duobus
1063 3177 1217 3260 poedago-
1230 3195 1264 3245 Ι

209 3283 255 3361 gie
276 3284 427 3348 saltatore
448 3292 544 3366 atque
564 3291 699 3347 teneone.
748 3283 866 3347 Verum
887 3283 1021 3347 Claudio
1047 3282 1217 3366 imperium

209 3386 344 3470 adepto,'
359 3410 424 3453 non
452 3390 554 3456 eolum
589 3397 738 3472 paternae
769 3410 846 3472 open
873 3389 1071 3472 reoiperavit,
1099 3389 1155 3453 eed
1181 3395 1216 3453 et

209 3495 312 3576 Crispi
327 3497 472 3560 Passieni
487 3496 594 3561 vitrioi
608 3497 658 3560 oui
672 3496 848 3559 hereditate
862 3496 983 3560 ditatur
996 3504 1054 3559 eat
1102 3495 1216 3560 Gratia
1266 3538 1269 3542 -

209 3600 335 3675 quidem
346 3609 380 3664 et
390 3601 939 3682 potentiurevooataereotitutaeque
948 3601 1059 3666 matria
1067 3620 1215 3682 nequeeo

209 3702 323 3781 floruit,
338 3713 376 3768 ut
389 3711 550 3769 emanaret
566 3705 600 3768 iu
615 3704 738 3786 vulgae,
752 3705 866 3770 misena
887 3726 908 3770 a
926 3707 1100 3770 Meoealina
1118 3724 1216 3770 uxore
1230 3719 1265 3769 a

208 3805 331 3884 Claudi,
346 3809 403 3889 qui
416 3828 487 3897 enm
502 3809 734 3888 meridiantem,
747 3811 840 3893 quael
855 3810 1032 3873 BritannIoi
1046 3810 1215 3888 aemulum,
1264 3833 1268 3841 ·

208 3909 455 3990 strangularent.
497 3913 650 3977 Additum
672 3913 810 3993 fabulae,
831 3920 867 3978 at
889 3914 1016 3979 eosdem
1038 3915 1175 3980 drttoom
1197 3932 1217 3979 ο
