2572 4320
361 444 476 497 aman
497 445 533 499 v.
582 444 696 500 nnus
716 444 910 501 ennunms
1007 428 1010 434 “
1079 437 1147 505 101

138 622 282 681 functum
302 621 479 678 senatorem
499 614 661 676 inauditos
674 621 708 676 et
721 616 867 679 innoxios
880 617 1044 695 relegavit,
1058 622 1148 700 quod

138 722 192 783 ille
205 720 356 782 adversus
372 719 533 797 privatum
546 737 580 780 se
595 718 857 798 intemperantius
874 721 1028 799 affuisset,
1043 723 1097 786 hio
1111 725 1148 786 in

137 825 298 889 aedilitate
319 821 492 901 inquilinos
514 823 712 903 praediorum
728 843 866 902 suorum,
883 833 993 888 contra
1007 828 1147 891 vetitum

137 940 224 995 eoota
251 930 433 1006 vendentes,
465 929 633 992 multasset
660 931 850 1010 vilicumque
880 931 1147 999 intervenientem

137 1038 335 1116 flagellasset
356 1040 359 1046 “
373 1037 443 1110 Qua
455 1035 496 1099 de
509 1055 604 1099 caiisa
617 1035 712 1098 etiarn
722 1036 940 1099 coercitionem
953 1038 1144 1119 popinarum
1159 1056 1178 1104 s

137 1145 291 1207 edilibus
311 1142 440 1206 menie
867 1123 871 1131 “
965 1141 969 1151 ·

177 1252 224 1312 Ac
238 1268 278 1312 ne
295 1248 467 1312 stultitiam
488 1247 614 1328 quidem
637 1267 725 1310 sumn
746 1248 882 1326 reticuit,
899 1248 1146 1333 simulatamque

137 1375 203 1419 ase
217 1376 256 1418 ex
272 1354 429 1417 industria
449 1353 509 1416 sub
525 1353 614 1429 Gaio,
635 1352 720 1433 quod
735 1352 828 1416 aliter
846 1373 996 1418 erasurus
1012 1375 1145 1436 perren-

138 1469 288 1540 tumsqne
308 1460 349 1522 ad
370 1465 548 1538 susceptam
569 1459 738 1521 stationem
754 1478 818 1521 non
832 1459 938 1538 fuerit,
952 1461 1143 1541 quibusdam

137 1564 343 1627 oratiunculis
361 1569 498 1626 testatus
511 1569 575 1640 est;
597 1581 656 1625 neo
669 1570 774 1625 tamen
791 1565 957 1644 persuasit,
970 1584 1040 1627 cnm
1056 1565 1179 1629 intrari

137 1671 230 1733 breve
244 1676 369 1749 tempus
384 1668 465 1730 liber
478 1668 582 1730 editus
596 1668 649 1744 sit,
662 1668 714 1729 cui
729 1668 824 1729 index
838 1676 906 1730 erat
920 1674 1029 1750 Μιρῧν
1042 1675 1144 1735 δινέ-

137 1801 247 1851 men,
262 1781 482 1853 argumentum
496 1779 612 1860 aptam,
627 1772 798 1835 stultitiam
813 1773 968 1837 neminem
982 1775 1109 1854 fingere.

88 1884 124 1936 aa
177 1881 265 1941 Inter
286 1886 391 1940 cetera
410 1879 442 1940 in
466 1897 503 1940 eo
521 1878 629 1940 mirati
647 1883 723 1941 sunt
740 1876 883 1941 homines
901 1886 934 1942 et
950 1879 1141 1942 obliuionem

136 1992 169 2046 et
188 1983 496 2058 inconsiderantiam,
517 1982 578 2059 vel,
599 1988 636 2044 nt
657 1984 775 2045 Graece
799 1983 912 2060 dicam,
935 1989 1142 2065 percupierant

136 2093 283 2168 ἁβλιψίιιν.
320 2087 432 2151 Oeoiea
441 2085 623 2163 Messalina,
632 2086 913 2168 paulopostquam
937 2130 1127 2192 mm
1156 2100 1179 2147 u

137 2192 170 2253 in
183 2192 324 2255 triclinio
340 2191 498 2267 decubuit,
513 2211 567 2252 cnr
582 2194 709 2252 domino
726 2212 788 2252 non
800 2195 913 2253 centres
937 2206 1103 2268 mmm-

136 2297 289 2376 reqnisiit
326 2296 447 2358 Multos
460 2316 499 2357 ex
513 2295 564 2372 iis,
579 2315 657 2376 quos
671 2296 775 2376 eapite
789 2297 914 2358 damna·
937 2278 1068 2328 Μ

136 2405 232 2477 verat,
260 2408 386 2481 postero
409 2400 519 2462 statim
547 2400 598 2462 die
626 2407 659 2461 et
683 2401 715 2460 in
741 2400 907 2462 consilium
930 2406 964 2461 et
985 2400 1026 2460 ad
1049 2398 1138 2460 aleae

136 2505 238 2566 lusum
261 2504 421 2566 admoneri
446 2504 542 2566 iussit
564 2511 606 2582 et,
627 2504 719 2584 quasi
738 2511 952 2592 morarentur,⁸
965 2509 1001 2564 nt
1023 2502 1137 2565 somni·

135 2608 256 2673 culosos
284 2628 340 2691 per
367 2610 514 2672 nuntium
542 2609 707 2690 increpuit
762 2611 924 2672 Ducturus
950 2614 1058 2671 contra
1086 2609 1137 2670 fas
1153 2624 1179 2672 m

135 2713 344 2795 Agrippinam
365 2734 505 2792 uxorem,
525 2733 589 2776 non
609 2715 746 2778 cessavit
765 2714 850 2777 omni
874 2714 1013 2777 oratione
1031 2714 1136 2792 filiam

136 2831 162 2881 et
175 2823 332 2883 alumnam
345 2831 373 2883 ot
387 2824 420 2882 in
432 2825 547 2902 gmmio
557 2841 612 2882 suo
625 2831 732 2883 natam
744 2830 833 2899 mque
846 2824 1003 2882 edneotons
1017 2818 1137 2899 praedi·

135 2943 211 2987 care.
248 2926 437 2989 Adaeiturua
451 2926 486 2988 in
499 2945 613 2988 nomen
626 2926 793 3003 Neronem,
807 2926 897 3006 quasi
911 2944 1022 3006 parum
1036 2943 1136 3005 repre-

135 3029 333 3108 henderetur,
354 3030 439 3112 quod
459 3030 570 3095 adulto
590 3031 653 3093 iam
673 3031 741 3093 lilio
762 3030 941 3111 privignum
962 3030 1134 3109 adoptaret,

135 3133 307 3197 identidem
328 3135 516 3216 divulgavit,
537 3140 688 3198 neminem
707 3155 851 3214 umquam
866 3153 925 3213 per
944 3137 1136 3211 montonem
1151 3150 1179 3199 1

136 3243 279 3314 sannae
299 3242 449 3306 numano
469 3246 625 3305 omnen.
889 3231 895 3242 ’

88 3353 124 3406 so
176 3345 335 3410 Sermonis
355 3367 430 3411 vero
454 3368 621 3430 remmque
644 3354 764 3411 tantam
789 3365 882 3430 saepe
905 3344 1136 3425 neglegentiam

132 3453 283 3545 ostendit,
303 3461 418 3546 atnoe
439 3456 511 3537 quis
531 3476 588 3520 nec
608 3456 691 3518 inter
710 3473 798 3534 qnos,
812 3472 913 3534 quove

135 3562 275 3638 tempore
288 3578 325 3624 ae
338 3560 408 3625 loco
422 3561 518 3624 rerba
530 3562 657 3637 moeret,
671 3559 752 3622 scire
766 3566 821 3629 aut
834 3557 914 3635 cogi·
970 3531 1080 3671 m

135 3666 203 3724 tare
215 3663 460 3727 existimaretur.
490 3664 568 3728 (lum
579 3665 619 3727 de
632 3661 913 3726 laniisaorinariis
1150 3671 1179 3720 n

135 3773 288 3844 ageretur,
302 3768 492 3832 exclamarit
511 3768 546 3831 in
564 3768 668 3831 mnia:
697 3770 784 3846 Rogo
797 3786 859 3843 eos,
872 3769 941 3844 pute
954 3773 1054 3843 polest
1070 3766 1136 3824 sine

135 3874 229 3950 gotila
247 3876 373 3937 munt
392 3873 621 3954 descnpsitque
639 3871 864 3935 abundantiam
879 3877 1019 3933 veteram
1037 3866 1137 3930 taber
