2572 4320
370 526 483 580 smne
504 527 540 581 v.
593 525 706 581 nrvns
727 484 922 583 ennomus
1003 529 1006 536 ·
1110 519 1156 589 86

148 694 299 759 Camillus
320 695 553 773 Scribonianus,
570 695 747 758 Delmatiae
767 696 906 776 legatus3
933 715 1045 760 verum
1065 699 1157 764 intra

147 802 292 881 quintum
309 799 585 881 diem'oppressus
604 806 664 878 est,
680 800 864 880 legionibus,
878 819 959 881 quae
978 821 1157 867 swnmen·

146 917 212 969 tum
241 911 451 981 mutaverant,
479 904 512 964 in
543 903 769 984 paenitentiam
799 904 949 983 religione
977 908 1155 988 conversis,

147 1019 323 1093 postquam,
350 1008 538 1071 denuntiato
567 1008 609 1070 ad
634 1027 751 1070 novum
777 989 996 1089 imperatorem
1024 1009 1154 1092 itinere,

147 1137 219 1179 casu
244 1114 380 1195 quodam
403 1130 440 1175 ao
464 1113 621 1175 divinitus
644 1131 746 1192 neque
770 1112 894 1194 aquilae
916 1115 1020 1178 ornari
1048 1130 1185 1199 seques

146 1222 236 1299 signa
255 1217 391 1280 convelli
413 1217 593 1295 moverique
614 1223 792 1296 potuerunt

97 1345 132 1395 1⁴
185 1323 376 1388 consuens
389 1340 484 1402 super
498 1320 669 1402 pristinum
682 1327 831 1401 quattuor
844 1323 959 1401 gessit3
980 1341 1019 1386 cx
1032 1322 1152 1405 quibus

145 1433 208 1497 duo
232 1430 349 1516 primos
374 1426 517 1508 iunctim,
539 1426 701 1513 sequentis
724 1445 780 1513 per
803 1427 1013 1510 intervalium,
1035 1438 1153 1514 quarto
1248 1501 1251 1507 Δ

146 1561 300 1622 quemque
318 1560 409 1614 anno,
424 1544 630 1603 semenstrem
650 1537 867 1616 novissimum,
881 1538 925 1605 bi·
949 1607 968 1654 ·

146 1644 294 1707 monstris
313 1649 442 1720 ceteros,
457 1640 586 1704 tertium
609 1647 726 1718 eutem,
740 1661 822 1703 novo
841 1643 925 1705 ciros
948 1607 1126 1738 m&
1167 1657 1197 1705 st

145 1752 318 1831 principem
335 1747 489 1827 exemplo,
504 1747 538 1809 in
559 1747 663 1810 locum
683 1748 841 1810 demortui
860 1749 924 1811 sut·
948 1746 1102 1797 ΜΝ

145 1857 255 1917 fectus.
297 1854 353 1915 Ius
379 1859 413 1914 et
444 1850 554 1914 consul
583 1832 617 1914 et
651 1856 742 1914 extre
773 1851 922 1914 honorem
946 1815 1150 1877 mm

145 1958 388 2022 laboriosiseime
410 1957 503 2034 dixit,
525 1957 622 2020 etiam
644 1957 711 2020 suis
735 1976 924 2038 suorumque
949 1958 1062 2022 diebus
1087 1960 1149 2022 sol·

145 2065 309 2138 lemnibus,
344 2080 579 2141 nonnumquam
617 2061 711 2123 festis
744 2080 867 2141 quoque
904 2062 1080 2142 antiquitus
1113 2071 1150 2127 et

145 2171 308 2249 religiosis
350 2168 418 2229 Neo
435 2185 560 2247 semper
580 2167 775 2249 praescripta
793 2166 896 2247 legum
914 2177 1049 2247 secutus,
1062 2168 1149 2233 dnri·
1164 2184 1194 2233 ns

145 2277 219 2337 tiam
245 2273 449 2336 lenitatemue
475 2271 645 2335 multarum
668 2293 707 2335 ex
729 2273 812 2335 bono
831 2279 865 2334 et
887 2291 994 2354 eeqm,
1015 2273 1148 2354 perinde

144 2390 181 2442 ut
198 2381 393 2457 adficeretur,
407 2379 586 2442 moderatus
606 2385 672 2457 est;
694 2398 767 2440 nam
787 2387 821 2441 et
841 2378 891 2455 iis,
904 2379 960 2460 qui
980 2380 1064 2460 apud
1083 2381 1148 2461 pri·

145 2494 233 2548 vatos
249 2485 369 2547 iudices
389 2484 463 2563 plus
481 2483 616 2564 petendo
636 2482 773 2545 formula
792 2483 992 2562 excidissent,
1005 2484 1148 2549 restittit

143 2592 290 2668 actiones,
301 2589 377 2651 etin
392 2590 510 2650 maiore
519 2588 632 2650 fraude
646 2589 815 2666 convictos,
826 2587 997 2667 legitimam
1012 2607 1144 2669 poenam
1232 2575 1234 2579 ’

94 2709 129 2760 lo
144 2714 362 2775 supergressus
385 2694 427 2756 ad
452 2694 568 2757 bestias
589 2694 818 2756 condemnavit
867 2693 907 2754 In
931 2694 1145 2772 cognoscendo
1160 2711 1192 2759 n

143 2807 247 2860 autem
269 2817 306 2861 ac
329 2799 525 2860 decernendo
549 2798 629 2861 mira
651 2798 801 2861 varietate
823 2798 920 2861 animi

143 2904 214 2980 fuit,
230 2905 322 2965 modo
335 2904 579 2984 circumspectus
592 2911 625 2967 et
642 2923 748 2982 sagax,
762 2904 919 2967 interdum

143 3008 339 3071 inconsultus
353 3027 389 3071 ac
403 3027 561 3089 praeceps,
577 3027 809 3089 nonnumquam
827 3009 922 3072 trivo

143 3114 192 3176 lus
206 3113 387 3195 amentique
401 3112 525 3179 similis.
568 3116 647 3181 Oum
661 3116 804 3181 decurias
817 3135 919 3180 rerum
938 3122 1011 3180 actu
1026 3134 1144 3197 expun-

143 3227 238 3297 geret,
265 3209 349 3298 enm,⁴
374 3220 430 3300 qui
458 3221 657 3285 dissimulata
684 3223 846 3287 vamtione
872 3242 967 3304 quam
993 3222 1144 3286 benefido
1158 3235 1191 3284 n

143 3324 309 3389 liberorum
339 3325 475 3391 habebat
502 3330 715 3410 responderat,
742 3336 780 3392 ut
805 3329 954 3411 cupidum
983 3327 1142 3392 indicandi

143 3431 282 3510 dimisit;
310 3432 406 3496 alium
432 3433 668 3517 interpellatum
688 3435 729 3498 ab
748 3435 937 3499 adversariis
956 3433 997 3498 de
1017 3433 1144 3516 propria

143 3537 208 3616 lite,
236 3547 466 3621 negantemque
493 3539 682 3621 cognitionis
711 3558 787 3618 rem,
811 3541 867 3605 sed
889 3539 1041 3603 ordinarii
1064 3538 1142 3604 iuris

143 3663 220 3724 esse,
245 3664 337 3728 egere
363 3665 490 3711 oausam
516 3647 685 3711 confestim
710 3646 795 3729 apud
822 3664 856 3710 se
882 3645 994 3727 coegit,
1015 3649 1143 3726 proprio

57 3785 63 3804 ι
143 3757 260 3833 negotio
273 3757 482 3818 documentum
495 3755 649 3830 detumet,
663 3772 755 3832 quom
768 3773 882 3834 wass
896 3755 1030 3816 tadonis
1045 3753 1144 3815 elisseo
1158 3762 1191 3811 ο)

143 3851 397 3942 negotiosuturus
414 3866 496 3922 sssst
538 3858 699 3923 Feminam
720 3879 784 3923 non
803 3865 1021 3940 agnoscentem
1041 3856 1144 3922 filium

144 3982 247 4045 mum,
273 3964 371 4030 dubis
396 3964 556 4046 utrimque
582 3972 835 4045 nrgumentorum
861 3963 933 4044 fide,
959 3965 1001 4028 ed
1026 3964 1146 4028 contes-

945 2877 1118 2928 mmmmm

943 2953 1027 3017 Μ·
