2572 4320
471 624 584 679 mesa
607 626 655 678 vc
705 626 812 680 uaso.
986 650 990 656 -
1090 617 1158 685 11¹1

144 797 309 882 Neapolim
323 795 549 872 confluxerant,
563 796 670 876 plures
684 796 880 859 Alexandria
893 798 1048 861 evocavit
1093 800 1159 864 Ne·

145 923 205 984 que
225 922 261 964 eo
283 901 411 981 segnius
432 900 682 963 adulescentulos
702 901 858 981 equestris
877 900 999 966 ordinis
1014 911 1050 967 et
1064 905 1160 986 quin·

145 1031 205 1087 que
235 1007 372 1089 amplius
406 1007 497 1069 milis
529 1024 547 1068 e
581 1005 672 1087 plebe
706 1007 942 1070 robustissimae
974 1007 1158 1076 iuventutis

146 1113 283 1191 undique
302 1110 407 1189 elegit,
421 1110 477 1191 qui
497 1109 594 1171 divisi
612 1109 647 1170 iu
669 1110 833 1187 factiones,
847 1111 1014 1191 plausuum
1036 1133 1160 1192 genere

145 1219 360 1279 condiscerent
388 1215 533 1297 (bombos
560 1221 593 1276 et
620 1214 766 1278 imbrices
793 1223 827 1278 et
852 1222 952 1279 testes
976 1220 1192 1300 vocabant„

145 1341 333 1401 operamque
351 1326 505 1382 namreut
523 1320 665 1381 cantanti
689 1320 761 1396 sibi,
781 1320 920 1398 insignes
941 1322 1160 1401 pinguissima

145 1446 231 1488 coma
244 1432 278 1487 et
291 1423 559 1486 excellentissimo
572 1421 661 1483 cultu
676 1422 765 1501 pueri
779 1440 836 1484 neo
850 1423 918 1485 sine
932 1424 1028 1487 anulo
1039 1424 1158 1506 laevis,

145 1550 276 1609 quorum
290 1529 385 1590 duces
399 1526 617 1607 quadringena
630 1526 721 1588 milia
733 1527 881 1590 sestertia
892 1529 1063 1592 merebant

95 1646 130 1697 21
185 1637 263 1697 Cum
289 1632 394 1711 magni
419 1631 602 1695 aestimaret
628 1637 757 1694 oantnre
783 1631 879 1694 etiam
904 1633 1032 1713 Romae,
1055 1633 1160 1698 Nero·
1253 1676 1261 1689 .

147 1765 236 1815 ιιυιιιιι
258 1746 445 1830 ugoliuauto
465 1738 687 1831 petroniliolum
707 1738 790 1812 aliurn
806 1760 926 1812 revoca
1174 1764 1207 1822 te

146 1857 202 1929 vit,
214 1853 493 1930 flagitantibusque
505 1853 629 1913 cunctis
640 1853 807 1913 caelestem
818 1871 930 1928 vocaus
950 1829 1158 1962 &ram

147 1955 308 2036 respondit
318 1954 446 2035 quidem
464 1959 496 2016 ia
512 1957 608 2017 hortis
625 1973 657 2016 ee
672 1958 792 2032 copiam
807 1956 927 2016 aulem·

147 2066 201 2121 tue
208 2065 375 2137 sucturum,
395 2060 451 2122 sed
469 2059 642 2121 adiuvante
661 2059 748 2136 vulgi
770 2077 877 2139 preces
897 2060 994 2121 etiam
1015 2061 1157 2125 statione

147 2165 293 2241 militum,
307 2183 389 2244 quae
403 2171 479 2226 tunc
493 2164 677 2241 excubabat,
690 2171 984 2240 νῳωεαηιαεανυνη
993 2183 1025 2226 se
1035 2165 1160 2245 pollici·
1254 2170 1261 2183 '

147 2277 198 2330 tue
208 2277 257 2331 est
267 2269 387 2346 libens;
413 2287 450 2329 ac
465 2268 533 2330 sine
548 2287 636 2330 mora
648 2287 763 2329 nomeu
778 2269 914 2330 suumin
925 2269 997 2331 albo
1008 2269 1159 2349 proliten·
1175 2293 1208 2340 ιε

147 2375 225 2435 tium
240 2373 491 2435 citharoedorum
512 2373 606 2435 iussit
625 2372 750 2449 ascribi,
769 2371 980 2451 sorticulaque
993 2373 1028 2434 in
1041 2393 1158 2437 urnam

147 2497 216 2538 cnm
233 2478 346 2538 ceteris
360 2478 507 2551 demissa,
523 2475 657 2537 intravit
673 2476 783 2537 ordine
800 2494 867 2552 suo,
886 2475 980 2537 simul
1001 2478 1156 2555 praefecti

148 2581 294 2661 praetorii
305 2581 458 2645 citharam
471 2581 673 2658 sustinentes,
686 2587 759 2662 post
767 2579 886 2643 tribuni
897 2580 1045 2660 militum,
1054 2582 1158 2647 iuxta-
1166 2572 1179 2590 ⁹

147 2707 206 2763 que
218 2688 388 2748 amicorum
399 2687 515 2747 intimi.
560 2688 669 2764 thue
683 2686 836 2761 constitit,
849 2694 975 2764 peracto
988 2687 1156 2767 principio,
1257 2672 1263 2680 ’

148 2793 279 2852 Niobam
299 2810 331 2853 se
350 2799 544 2852 mutaturum
566 2808 622 2869 per
643 2789 792 2852 Cluvium
815 2790 937 2852 Rufum
957 2790 1155 2854 consularem
1171 2810 1206 2859 s)

148 2895 364 2974 pronuntiavit
390 2902 423 2958 et
450 2896 484 2957 in
513 2896 621 2957 horam
650 2895 717 2958 fere
743 2890 903 2958 ‘decimam
932 2897 1155 2978 perseveravit,

148 3018 352 3078 coronamque
363 3018 432 3061 eam
443 3005 477 3060 et
490 2997 644 3078 reliquam
658 3001 840 3063 certaminis
854 3008 976 3081 partem
992 3001 1025 3061 in
1036 3020 1155 3063 uiuum

148 3112 327 3184 sequentem
339 3103 476 3183 distulit,
488 3109 525 3167 ut
536 3104 662 3185 saepius
673 3106 806 3169 canendi
818 3107 938 3171 occasio
949 3114 1041 3172 esset
1062 3106 1154 3181 Quod

147 3229 215 3269 eum
236 3211 363 3272 tardum
378 3210 546 3287 videretur,
562 3231 624 3272 non
646 3213 784 3275 cessavit
805 3213 978 3276 identidem
999 3232 1033 3276 se
1054 3212 1157 3293 publi·

147 3331 224 3376 care.
275 3315 442 3379 Dubitnvit
467 3315 564 3380 etiam
588 3335 629 3380 an
655 3318 789 3400 privatis
814 3319 1002 3401 spectaculis
1026 3336 1155 3400 operam
1170 3332 1202 3382 n

147 3418 228 3480 inter
245 3421 403 3483 scaenicos
423 3423 522 3500 daret,
542 3425 676 3505 quodam
699 3433 878 3507 praetorum
900 3425 1081 3490 sestertium
1103 3424 1155 3486 de·

146 3521 209 3582 cies
229 3523 388 3585 offerente
434 3527 625 3604 Tragoedias
647 3549 772 3611 quoque
792 3532 935 3595 cantavit
956 3537 1153 3611 persecutus,

145 3624 274 3688 heroum
296 3627 488 3713 deorumque
513 3631 589 3695 item
612 3634 776 3698 heroidum
798 3655 836 3699 ao
855 3636 984 3699 deamm
1009 3633 1153 3717 personis

146 3731 265 3794 effectis
295 3733 337 3796 ad
369 3735 609 3800 similitudinem
642 3739 706 3802 oris
736 3741 786 3803 sui
816 3747 850 3804 et
879 3740 1027 3820 feminae,
1058 3744 1154 3822 prout

145 3851 301 3917 quemque
323 3838 478 3920 diligeret
521 3842 611 3904 Inter
630 3849 736 3907 cetera
757 3845 900 3908 cantavit
919 3847 1064 3910 Canacen
1084 3863 1153 3926 par·
1167 3863 1201 3913 ο)

144 3939 324 4022 turieutem,
345 3943 479 4010 Oresten
498 3947 707 4026 matricidam,
728 3949 921 4032 Oedipodem
942 3959 1151 4030 excaecatum,
1227 3981 1229 3985 ⁴

144 4042 315 4110 Herculem
333 4047 488 4114 insanum.
530 4052 571 4115 Iu
583 4071 648 4135 qua
660 4053 772 4118 tabula
783 4055 872 4118 lema
883 4063 942 4133 est,
956 4056 1151 4121 umnoulan
