2572 4320
461 586 574 638 mun
597 587 646 640 vn
698 586 806 640 urso.
1082 578 1150 646 121

133 758 234 835 doque
249 756 364 834 studio,
379 764 417 818 ut
428 757 660 820 conservandae
673 758 760 821 vocis
777 758 881 838 qratia
894 776 1000 840 neque
1020 759 1150 826 milites

132 881 291 940 umquam,
305 861 368 924 nisi
383 862 497 926 absens
511 868 569 924 aut
583 862 653 925 'alio
671 864 767 926 verba
785 863 1022 944 pronuntiante,
1035 866 1152 947 appel-

132 968 223 1027 laret·
236 984 338 1045 neque
362 966 532 1046 quiequam
557 966 640 1029 serio
663 967 771 1029 iocore
794 967 903 1046 egerit,
926 967 991 1030 nisi
1015 976 1150 1034 estante

132 1071 299 1150 phonasco,
317 1068 374 1149 qui
391 1077 541 1146 moneret,
555 1080 696 1150 pererret
716 1075 838 1133 cnerir's
857 1091 895 1133 oe
913 1074 1082 1136 umam
1102 1079 1150 1138 ud

131 1197 163 1236 os
186 1177 372 1253 applicem
396 1173 570 1255 multisque
592 1174 645 1237 rel
671 1175 844 1238 amicitiam
871 1194 961 1239 susm
983 1176 1181 1249 obtulerits

132 1282 181 1343 vel
206 1279 400 1343 simultatem
423 1279 585 1358 indixerit,
608 1284 703 1361 prout
724 1280 860 1362 quisque
883 1299 918 1344 ee
941 1281 1045 1361 magis
1072 1303 1150 1365 par·

131 1389 236 1449 ciusve
250 1386 420 1450 laudasset
567 1362 579 1384 ⁰

88 1502 118 1556 to
170 1494 394 1570 Petulantium,
416 1492 591 1573 libidinem,
612 1492 781 1575 luxuriam,
805 1493 981 1575 avaritiam,
1004 1486 1148 1562 crudeli·

131 1613 228 1670 tatem
245 1603 363 1671 sensim
381 1603 510 1688 quidem
530 1602 634 1689 primo
653 1610 687 1670 et
706 1603 828 1671 occulte
847 1612 881 1671 et
893 1603 983 1671 velut
1001 1603 1147 1674 iuvenili

131 1731 233 1772 errore
249 1711 398 1788 exercuit,
417 1711 473 1773 sed
489 1717 526 1773 ut
542 1717 619 1773 tunc
635 1729 760 1791 quoque
779 1710 911 1773 dubium
1163 1731 1196 1781 n

131 1817 250 1880 nemini
270 1817 363 1895 ieret,
380 1826 512 1881 naturae
532 1815 591 1880 illa
606 1815 695 1895 ritis,
712 1836 776 1879 non
796 1816 912 1882 aetatis
936 1790 1057 1843 “m

131 1942 206 1984 esse.
235 1920 542 2001 Postcrepusculum
552 1921 662 1985 statim
672 1921 805 2002 adrepto
814 1920 912 2001 pilleo

131 2028 181 2088 vel
208 2027 315 2106 galero
345 2027 478 2109 popines
508 2026 611 2090 inibat
643 2027 823 2107 circumque
848 2026 936 2090 vicos
962 2028 1146 2106 negabatur

936 1867 1045 1917 neser

131 2132 333 2208 ludibundus,
358 2151 415 2194 nec
442 2131 512 2195 sine
536 2132 675 2212 pernicie
699 2138 814 2194 tamen.
865 2131 1029 2212 Siquidem
1054 2134 1145 2197 rede·
1228 2148 1231 2152 ’

130 2238 217 2299 untis
235 2257 255 2299 a
271 2256 350 2300 cena
362 2237 526 2299 verberare
543 2255 580 2299 so
600 2243 812 2317 repugnantes
825 2236 990 2299 vulnerare
1011 2236 1144 2302 cloacis·
1161 2261 1194 2311 ιι

131 2361 191 2421 que
222 2343 402 2421 demergere
429 2348 581 2420 assueret,
609 2342 756 2405 tabernas
784 2341 882 2406 etiam
911 2342 1078 2422 effringere
1105 2350 1145 2408 et

130 2449 289 2530 expilcre;
321 2449 477 2534 quintana
499 2447 584 2512 domi
610 2447 794 2528 constituta,
817 2448 873 2514 ubi
900 2456 1010 2531 partes
1036 2457 1070 2513 et
1096 2451 1141 2515 ad

131 2555 337 2617 licitationem
365 2555 555 2618 dividendae
582 2556 717 2635 praedae
743 2555 881 2635 pretium
911 2555 1139 2619 absumeretur.

131 2662 177 2722 Ac
192 2681 284 2741 esepe
298 2661 331 2723 in
346 2661 414 2723 eius
430 2660 515 2723 modi
532 2660 612 2724 rixis
627 2661 788 2723 oculorum
809 2668 843 2724 et
855 2661 942 2725 ritae
962 2661 1137 2742 periculum
1174 2730 1181 2738 ‚
1226 2654 1232 2663 '

131 2764 219 2842 adiit,
240 2784 261 2827 a
283 2765 418 2845 quodem
444 2763 615 2842 laticlavio,
636 2766 726 2828 euius
749 2783 880 2828 uxorem
903 2771 1137 2843 attrectaverat,
1155 2785 1191 2835 ι)

131 2889 226 2950 prope
241 2870 282 2932 ad
295 2889 403 2934 necem
417 2889 536 2934 caesus.
578 2870 680 2944 Quare
694 2875 865 2951 numquam
884 2877 996 2952 postea
1010 2870 1138 2952 publico

131 2993 164 3036 ee
186 2973 267 3038 illud
290 2975 386 3039 horse
406 2974 475 3039 sine
495 2974 634 3039 tribunis
654 2974 813 3038 commisit
832 2975 941 3057 procul
961 2982 996 3039 et
1015 2975 1138 3040 occulte

131 3081 403 3163 subsequentibus
445 3082 591 3146 Interdiu
616 3102 740 3165 quoque
763 3082 845 3147 olem
865 3081 1039 3164 gestatoria
1057 3082 1138 3149 selle

131 3186 254 3250 delatus
268 3188 303 3250 in
316 3189 486 3268 theatrum,
501 3188 712 3253 seditionibus
729 3189 995 3271 pantomimorum
1011 3207 1029 3251 e
1046 3196 1138 3270 parte

131 3294 305 3372 proscaenii
324 3294 484 3375 superiore
504 3295 640 3375 signifer
659 3295 753 3360 simul
774 3313 812 3358 eo
831 3301 991 3376 spectator
1009 3295 1137 3375 aderat,
1152 3317 1187 3366 a
1209 3278 1211 3282 Α

131 3404 164 3458 et
189 3418 275 3461 eum.
289 3399 330 3461 ad
357 3419 469 3465 manus
496 3408 626 3465 rentum
653 3408 737 3465 esset
764 3400 987 3482 lapidibusque
1010 3406 1044 3463 et
1067 3400 1139 3463 sub·

131 3503 291 3567 selliomm
312 3505 523 3585 lragminibus
542 3508 771 3584 decerneretur,
792 3505 895 3569 multa
913 3512 947 3569 et
969 3506 1038 3588 ipse
1061 3504 1139 3569 iecit

131 3608 165 3669 in
189 3610 350 3689 populum,
374 3618 470 3692 etque
492 3613 589 3676 etiarn
613 3612 768 3693 prseteris
791 3618 888 3691 ceput
913 3611 1137 3675 consauciavit

88 3719 117 3773 tl
130 3711 290 3775 Paulatim
312 3733 388 3777 rere
414 3714 681 3779 invalescentibus
705 3716 804 3794 vitiis,
827 3714 980 3779 iocularia
1005 3721 1040 3778 et
1062 3715 1139 3779 lete·

131 3814 201 3879 bras
214 3815 325 3882 omisit
340 3817 491 3902 nullaque
505 3819 730 3916 dissimulandi
747 3839 824 3886 oure
839 3819 882 3886 ed
899 3820 1020 3884 maiora
1030 3819 1137 3902 palam
1152 3838 1186 3888 a)

130 3921 242 4000 erupit

169 4022 289 4104 Epnlns
309 4045 330 4091 a
348 4029 454 4097 medio
472 4030 526 4096 die
549 4030 592 4097 ad
615 4028 752 4095 mediam
775 4037 899 4095 nmtenr
922 4028 1137 4112 protnhvhb
