2572 4320
427 124 537 173 urnas
561 123 609 172 vr.
663 124 770 176 nano.
1042 68 1189 176 125⁴·

97 298 230 359 tiatione
252 295 341 374 impii
363 302 395 355 et
414 294 558 356 scelerati
579 313 653 354 voce
673 294 835 373 praeconis
857 305 1104 372 summoventur,
1138 282 1189 352 ἒ

97 408 249 464 interesse
264 418 328 461 non
347 417 443 462 ausus
459 405 516 461 est
563 401 572 418 '

108 569 111 575 ,
138 505 250 569 Iunxit
262 503 433 586 parricidio
448 501 559 567 matris
575 503 691 567 unitae
703 522 820 568 necem
862 503 1107 579 Quamcumex
1168 499 1189 548 ²

97 611 213 674 duritie
226 608 292 671 alvi
305 607 473 670 cubantem
484 607 638 686 ιίιὶιιιιι,
652 613 686 669 et
699 607 757 669 illa
768 614 908 672 tractans
922 608 1107 691 lanuginem

97 719 174 794 eius,
188 721 225 778 ut
237 701 386 792 assolet,
377 732 441 776 ιιιιι
455 710 583 793 grandis
596 718 674 776 natu
687 731 745 795 per
757 711 877 777 blaudi·
1120 728 1164 784 ι

97 825 253 887 tiasforte
266 822 418 885 dixisset.
439 821 542 884 Simul
550 825 628 883 donc
640 839 875 900 summisere
869 796 1096 937 'mua'

97 934 181 992 volo:
213 947 380 991 conseram
407 927 448 989 ad
475 926 635 1007 proximos
662 931 819 1006 comedim
844 948 876 990 se

97 1040 271 1112 postumum
297 1033 387 1094 velut
408 1031 543 1092 irridens
570 1031 626 1107 ait,
653 1032 875 1112 praecepitque
905 1034 1042 1098 medicis
1069 1044 1110 1100 nt

97 1140 214 1215 largius
228 1142 401 1217 purgarent
409 1154 545 1213 aegram,
555 1135 689 1197 necdum
701 1135 868 1198 defunctae
877 1137 1108 1220 bannierant,

97 1261 265 1322 suppresso
279 1246 479 1316 testamento,
493 1257 533 1300 ne
547 1239 625 1319 quid
638 1239 826 1302 abscederet
1123 1247 1189 1306 reu

60 1360 82 1409 c
136 1337 261 1410 Uxores
271 1351 395 1427 praeter
405 1343 570 1408 Octaviam
580 1344 660 1407 duas
670 1351 780 1424 postea
789 1344 898 1407 duxit:
920 1347 1105 1428 Poppaeam

97 1452 242 1512 Sabinam
244 1448 448 1528 ,quaestorio
461 1456 549 1528 patre
562 1454 670 1509 natam
686 1454 720 1510 et
735 1448 835 1527 equiti
849 1449 996 1513 Romano
1009 1460 1109 1517 antea

96 1563 235 1637 nuptam,
246 1554 362 1618 deinde
378 1553 537 1618 Statiliam
552 1552 766 1632 Messalinam,
778 1552 945 1673 Tauria·

96 1665 144 1727 bis
158 1662 297 1728 consulis
313 1682 350 1726 ac
365 1659 570 1744 triumphalis
588 1662 765 1744 abneptem.
805 1622 945 1736 Quam

96 1779 131 1833 nt
149 1777 320 1852 poteretur,
335 1770 437 1833 virum
454 1769 522 1833 eius
540 1768 684 1832 Atticum
700 1769 868 1833 Vestinum
885 1754 1080 1835 consulem
1069 1793 1106 1837 ιιι
1123 1784 1152 1833 ιι

95 1876 246 1940 honore
238 1896 308 1958 rpso
336 1875 516 1940 trucidavit.
557 1875 717 1948 ,Octaviae
747 1876 1008 1939 consuetudinem
1037 1878 1107 1944 cito

96 1992 290 2066 aspernatus,
325 1983 569 2070 corripientibus
605 1983 717 2047 amicis
751 1987 883 2064 sufficere
915 1987 963 2047 illi
995 1988 1105 2051 dedere

96 2092 258 2171 respondit
272 2096 381 2153 ιιιοιιιι
395 2101 582 2153 ornamenta
625 2092 767 2153 Eandem
782 2110 856 2153 mox
871 2110 965 2173 saepe
978 2091 1106 2158 irnetra

97 2197 291 2277 strangulare
319 2197 500 2275 meditatus,
525 2197 649 2260 dimisit
672 2203 709 2277 ut
732 2197 883 2275 sterilem,
907 2197 964 2261 sed
988 2197 1104 2281 irnpro·

96 2305 189 2367 hante
215 2303 388 2368 divortium
417 2303 533 2385 populo
559 2322 617 2367 neo
644 2311 792 2385 parcente
819 2303 980 2383 conviciis,
1004 2305 1103 2369 etiam
1117 2323 1148 2372 ι)

96 2412 257 2491 relegavit,
271 2411 407 2494 denique
421 2410 539 2474 occidit
554 2410 614 2473 sub
629 2410 761 2473 crimine
779 2409 1005 2474 adulteriorum
1022 2412 1102 2477 adeo

96 2520 260 2600 inpudenti
280 2519 434 2599 falsoque,
449 2519 531 2581 utin
547 2518 731 2599 quaestione
750 2517 996 2599 pernegantibus
1010 2537 1102 2583 cunc-

96 2627 138 2688 tis
159 2627 326 2689 Anicetum
348 2625 563 2705 paedagogum
584 2646 676 2689 suurn
698 2626 833 2688 indicem
852 2624 1031 2704 subiecerit,
1044 2627 1101 2707 qui

96 2731 168 2794 dolo
195 2736 369 2811 stupratam
395 2748 416 2792 a
438 2749 472 2792 se
496 2731 659 2793 fateretur.
700 2732 890 2813 Poppaeam,
915 2731 1102 2794 duodecimo

97 2839 147 2899 die
161 2843 235 2918 post
251 2835 424 2899 divortium
445 2836 596 2901 Octaviae
616 2837 650 2900 in
672 2838 908 2902 matrimonium
929 2845 1101 2918 acceptam,
1115 2852 1147 2901 ιι

96 2944 210 3006 dilexit
221 2942 331 3021 unice3
352 2948 386 3006 et
399 2949 506 3007 tamen
520 2943 623 3026 ipsam
638 2965 762 3028 quoque
779 2945 847 3009 ictu
861 2944 958 3009 calcis
975 2943 1101 3025 occidit,

97 3052 180 3131 quod
200 3070 234 3115 ee
255 3070 294 3114 ex
314 3051 510 3134 aurigatione
530 3074 600 3118 sero
620 3074 781 3118 reversum
804 3053 936 3136 gravida
955 3058 989 3117 et
1008 3072 1104 3134 aegra

97 3157 246 3220 conviciis
280 3158 461 3225 incesserat
517 3162 568 3223 Ex
598 3161 657 3225 hac
691 3162 790 3225 filiam
825 3161 903 3226 tulit
935 3160 1102 3225 Claudiam

97 3262 283 3344 Augustam,
297 3266 466 3348 amisitque
480 3268 649 3331 admodum
664 3266 830 3332 infantem.

135 3369 361 3442 Nullum-adeo
374 3373 617 3437 necessitudinis
631 3393 730 3455 genua
744 3381 804 3453 est,
814 3375 899 3454 quod
909 3392 973 3435 non
986 3371 1103 3435 scelere
1117 3383 1150 3433 a)

96 3473 275 3552 perculerit
325 3478 498 3540 Antoniam
526 3477 640 3541 Claudi
667 3477 777 3555 filiam,
805 3482 1002 3540 recusantem
1029 3482 1104 3557 post

97 3577 260 3660 Poppaeae
274 3589 405 3668 mortem
419 3579 548 3664 nuptiae
558 3601 641 3660 suas,
649 3581 743 3662 quasi
753 3580 941 3646 molitricem
949 3598 1102 3644 novarum
