2572 4320
456 594 569 647 nrbes
592 594 641 649 ιν.
691 594 729 649 ο..
746 593 943 651 osmouna
1159 585 1202 695 ὁ)
1242 663 1243 667 Ν
1274 624 1284 640 ·

200 769 292 828 modo
307 767 340 827 in
354 766 539 829 reeitatione
551 765 739 847 praeteritis
782 768 830 831 Ut
845 767 945 829 levior
961 766 1048 857 labor
1064 767 1205 832 iudieare-

199 873 285 933 tibus
296 871 388 947 foret,
399 870 439 932 nd
449 876 601 950 quattuor
614 869 728 949 prioris
741 870 885 949 quintam
898 871 1057 934 decuriam
1067 872 1200 936 addidit

199 975 382 1055 Temptavit
395 982 428 1036 et
441 973 638 1036 oomitiorum
654 993 740 1037 more
757 981 900 1038 reroeato
918 976 1068 1056 suffragia
1085 977 1203 1064 populo

199 1083 336 1145 reddere
376 1081 497 1159 Legata
505 1099 545 1142 ex
555 1085 744 1142 testamento
754 1078 860 1143 'liberi
871 1099 1060 1162 quamquam
1072 1081 1203 1163 abolito,

199 1189 253 1249 sed
271 1193 305 1248 et
323 1185 424 1249 Iuliae
440 1186 613 1264 Augustae,
628 1185 712 1265 quod
728 1186 874 1248 Tiberius
891 1195 1116 1268 suppresserat,
1128 1199 1236 1252 eume

199 1289 804 1372 fideaosineoalumniarepraesentata
816 1291 978 1372 persolvit
1018 1293 1203 1356 Dueentesi-

200 1418 281 1459 mam
315 1397 495 1459 arretionum
527 1395 641 1458 Italiae
673 1397 813 1475 remisit,
848 1397 958 1460 multis
986 1396 1202 1461 inpendiosum

198 1507 313 1566 damna
333 1500 510 1583 supplevit,
530 1521 568 1564 eo
586 1500 615 1564 si
633 1502 747 1582 quibus
766 1521 864 1582 regna
876 1502 1025 1581 restituit,
1039 1503 1156 1566 adieeit
1168 1511 1203 1568 et
1268 1552 1273 1571 .

199 1611 337 1670 fructum
352 1627 475 1670 omnem
487 1607 723 1686 uectigaliorum
736 1614 770 1670 et
780 1608 916 1670 reditum
930 1608 1026 1670 medii
1040 1610 1201 1690 temporis,

199 1722 235 1776 ut
256 1713 413 1775 Antiocho
433 1713 643 1792 Commageno
663 1714 842 1776 sestertium
863 1713 968 1777 milies
988 1713 1200 1778 oonlisoatum.
1218 1727 1251 1778 to

198 1823 327 1900 Quoque
342 1819 442 1898 magis
455 1818 577 1881 nullius
590 1839 654 1882 non
667 1818 741 1882 boni
759 1818 896 1901 exempli
912 1822 1019 1884 fautor
1031 1820 1201 1899 rideretur,

199 1926 323 1988 mulieri
337 1924 503 1988 libertinae
517 1925 678 2005 ootoginta
691 1925 830 2003 donavit,
843 1926 928 2006 quod
941 1925 1120 1989 exerueiata
1134 1945 1203 2006 gra·

199 2030 338 2093 vissimis
352 2029 519 2092 tormentis
533 2031 573 2092 de
584 2030 700 2093 seelere
714 2031 839 2111 patroni
853 2031 1038 2095 retieuisset
1063 2032 1147 2105 Quas
1160 2033 1202 2096 ob

199 2155 249 2197 res
269 2136 352 2196 inter
372 2133 509 2214 reliquos
528 2133 663 2198 bonores
681 2122 824 2197 decretus
837 2141 888 2197 est
900 2135 930 2197 ei
944 2135 1064 2215 elipeus
1077 2154 1201 2213 aureus,

199 2259 292 2318 quem
312 2239 482 2318 quotannis
503 2246 590 2302 eerto
609 2240 662 2302 die
685 2238 818 2318 collegia
838 2241 1033 2303 sacerdotum
1054 2240 1088 2302 in
1111 2240 1202 2321 (lapi-
1217 2250 1251 2299 u

199 2344 309 2405 tolium
330 2344 458 2420 ferrent,
480 2349 593 2405 senatu
613 2350 831 2423 prosequente,
852 2343 1070 2423 nobilibusque
1093 2344 1201 2424 pueris

199 2468 235 2509 eo
249 2447 364 2528 puellis
378 2448 515 2510 oarmine
529 2448 691 2510 modulato
710 2447 820 2511 leudes
839 2449 992 2510 mrtntum
1010 2447 1079 2511 eins
1091 2467 1202 2511 nanen-
1220 2533 1223 2536 .

199 2553 292 2614 tibus.
334 2553 505 2614 Deoretum
525 2559 631 2614 sutem
650 2557 687 2614 ut
705 2552 782 2630 dies,
796 2571 861 2632 quo
873 2552 1008 2632 nepisset
1023 2551 1200 2631 imperinm,

159 2682 162 2687 ·
199 2657 318 2718 Parilia
347 2664 521 2733 votaretur,
551 2656 641 2719 velut
668 2662 886 2734 argumentum
917 2675 1025 2719 rursus
1056 2655 1201 2719 eonditae
1278 2681 1280 2687 ·

198 2762 293 2822 urbis.
665 2807 667 2810 -
1214 2770 1250 2819 2)

90 2844 185 2959 ἄη
239 2865 428 2929 Consulatus
451 2873 601 2946 quattuor
622 2864 729 2945 gessit,
751 2864 887 2947 primum
907 2883 946 2926 ex
967 2863 1041 2926 Kal.
1062 2863 1124 2926 Iul.
1144 2882 1201 2944 per

198 2975 278 3036 duos
289 2992 422 3052 menses,
433 2974 604 3037 seeundum
617 2993 656 3037 ex
671 2970 746 3036 Kal.
758 2971 826 3035 Isu.
838 2989 894 3054 per
904 2989 968 3034 xxx
981 2968 1060 3050 dies,
1070 2968 1200 3033 tertium

199 3078 340 3157 usquein
354 3077 433 3140 Idus
444 3077 522 3154 Ian,
531 3085 678 3158 quartum
693 3096 792 3156 usque
806 3077 975 3156 septimum

198 3182 276 3244 Idus
289 3183 423 3246 eusdem
466 3183 516 3245 Ex
529 3183 675 3246 omnibus
687 3182 768 3244 duos
786 3179 974 3244 novissimos
998 3152 1153 3290 ffif'*

197 3286 369 3349 ooniunxit
411 3287 554 3349 Tertium
577 3294 682 3349 autem
707 3286 877 3365 Luguduni
901 3284 976 3347 iniit
1213 3296 1248 3345 a}

198 3390 294 3469 solus,
313 3411 376 3454 nou
395 3398 432 3455 ut
453 3392 583 3472 quidam
600 3392 769 3472 opinentur
787 3389 936 3472 superbia
952 3387 1200 3470 neglegentiam,

197 3497 253 3558 sed
280 3498 365 3578 quod
390 3498 577 3562 defunetum
603 3498 664 3563 sub
691 3497 907 3562 Kalendarum
938 3495 1022 3560 diem
1048 3492 1200 3576 oollegam

197 3601 329 3666 reseisse
353 3603 467 3670 sbsens
491 3624 555 3669 non
582 3611 736 3687 potuerat
778 3602 980 3682 Congiarium
1007 3599 1123 3683 populo
1149 3600 1199 3664 bis
1276 3679 1278 3683 ι

198 3708 287 3770 dedit
306 3715 448 3775 tmosnos
468 3710 642 3788 murelos,
663 3709 781 3773 totiens
803 3706 1108 3771 abundantissimum
1127 3723 1202 3786 epu·
1260 3726 1266 3737 ·

198 3812 264 3874 lum
286 3813 411 3878 senatui
430 3814 631 3895 equestrique
651 3812 765 3891 ordini,
784 3812 879 3876 etiam
900 3808 1086 3890 eoniugibns
1105 3828 1142 3873 ao
1165 3808 1202 3872 li·
1215 3824 1248 3876 e)

195 3916 282 3982 beris
296 3924 518 4002 utrorumque,
538 3918 710 4003 posteriore
720 3915 814 3998 epulo
821 3915 961 3979 iooensie
974 3913 1200 3997 insuperviris,

96 4044 100 4049 ¹
170 4021 369 4092 tommano
378 4018 1017 4114 pueristasoisspurpnraesooonebglii
1027 4018 1200 4085 distribuit
