2572 4320
399 562 513 616 nmra
534 561 583 615 rr.
636 561 667 618 c.
692 563 889 619 cmouns.
1008 578 1012 586 ·
1101 555 1149 624 68

108 691 210 1042 [aa
224 733 321 797 mma
363 733 578 813 eognormbat
592 739 698 796 auam
711 734 751 797 uo
771 734 889 799 talibus
909 735 1021 816 omis,
1035 698 1176 974 orreo]

144 841 231 922 prius
252 840 345 902 modo
365 858 510 920 summae,
526 838 567 902 ad
586 857 682 921 quern
704 838 933 903 conficiendum
959 842 1146 923 consideret,

144 946 286 1008 confecto
306 944 433 1006 demum
453 944 657 1007 excitabamr.
699 945 747 1007 Ao
766 963 807 1008 ne
827 945 989 1027 paululum
1037 948 1146 1012 uidem

144 1071 247 1113 morae
261 1048 395 1131 patiens,
410 1068 504 1131 super
516 1047 727 1130 quadraginta
739 1068 808 1114 reos
821 1029 979 1131 quonffi
993 1051 1148 1116 ordirer·

144 1158 188 1218 sis
209 1155 395 1217 criminibus
407 1169 484 1216 'una
504 1154 662 1217 sententia
682 1155 911 1234 condemnarit,
931 1156 1180 1238 glomsnrsquen

144 1269 192 1323 est
208 1260 461 1341 expergefactae
476 1279 586 1322 somno
600 1259 763 1338 Caesonia,
778 1271 925 1340 mactum
944 1267 1058 1342 egent,
1069 1267 1147 1340 dum

143 1369 371 1428 earucrids'orct

183 1470 338 1531 Auctione
364 1469 535 1550 proposita,
556 1469 706 1551 reliquias
732 1470 870 1533 omnium
899 1471 1147 1551 spectaculorum

145 1573 278 1635 subiecit
291 1591 328 1634 ao
338 1573 526 1650 venditavit,
537 1573 707 1652 exquirens
718 1593 773 1654 per
787 1593 820 1636 se
834 1575 938 1654 pretia
949 1581 983 1636 et
995 1593 1094 1654 usque
1107 1550 1164 1637 oo·

144 1677 326 1752 extendens,
341 1682 378 1738 ut
391 1676 520 1756 quidam
535 1677 688 1739 immenso
701 1678 800 1739 coacti
814 1678 967 1757 quaedam
988 1695 1089 1740 emese
1108 1697 1147 1741 ao
1163 1691 1201 1740 to·

143 1780 234 1841 bonis
250 1779 338 1840 exuti
354 1798 451 1841 venas
469 1780 531 1841 sibi
547 1780 732 1841 inciderent.
773 1781 860 1842 Nota
879 1800 928 1843 res
948 1787 1006 1858 eat,
1021 1781 1147 1862 Aponio

145 1883 315 1944 Saturnino
335 1881 419 1943 inter
439 1881 591 1945 subsellia
617 1881 817 1961 dormitante,
838 1884 992 1945 monitum
1019 1903 1040 1946 a
1064 1883 1147 1947 caio

147 2007 327 2066 praeconem
336 2005 375 2048 ne
385 1986 576 2067 praetorium
584 1985 689 2047 virum
699 1986 807 2050 crebro
814 1988 928 2068 capitis
938 1994 1025 2051 motu
1035 1994 1148 2051 numn-

144 2100 208 2151 torn
236 2091 297 2152 sibi
325 2090 520 2170 praeteriret,
541 2109 599 2151 neo
626 2090 743 2152 licendi
770 2091 863 2152 finem
892 2092 1021 2168 iactum,
1041 2093 1147 2171 quoad

144 2194 294 2257 tredecim
312 2194 503 2274 gladiatores
520 2194 700 2257 sestertium
717 2196 865 2273 nonagies
882 2194 1040 2272 ignoranti
1059 2194 1147 2256 addi·
1163 2212 1194 2259 ss

94 2308 131 2359 tt
144 2308 295 2360 cenentur.
339 2301 379 2361 In
394 2298 502 2362 Gallia
521 2319 656 2380 quoque,
671 2319 740 2361 oum
762 2300 921 2362 minuata

144 2425 213 2465 rum
231 2423 371 2467 sororum
389 2412 574 2467 ornamenta
588 2410 622 2466 ot
640 2402 866 2483 supellectilem
888 2411 922 2466 et
945 2378 1113 2502 ξιτψ

144 2530 250 2572 servos
263 2517 358 2590 atque
372 2510 467 2573 etiam
483 2509 613 2572 libertos
631 2510 792 2573 immensis
807 2509 919 2592 pretiis

116 2674 121 2686 ,
144 2616 348 2692 vendidisset,
363 2615 519 2678 invitatus
532 2616 628 2692 lucro,
643 2615 798 2694 quidquid
812 2615 1013 2678 instrumenti
1027 2614 1144 2679 veteris
1218 2620 1221 2624 ’

144 2721 234 2782 aulae
250 2725 320 2783 erat
334 2720 375 2783 ab
394 2721 471 2782 urbo
492 2720 629 2800 repetiit,
643 2720 835 2802 comprensis
856 2719 897 2782 ad
916 2720 1144 2801 deportandum
1160 2735 1193 2784 a)

144 2826 315 2890 meritoriis
335 2845 461 2908 quoque
481 2825 637 2890 vehiculis
659 2834 692 2889 et
714 2825 959 2908 pistrinensibus
985 2824 1143 2903 iumentis,

145 2933 222 2994 adeo
242 2939 279 2994 ut
298 2938 332 2995 et
351 2932 442 3012 panis
464 2934 583 2995 Rornae
603 2952 696 3014 saepe
717 2933 865 2995 deiiceret
890 2939 924 2994 et
950 2932 1142 3010 litigatorum

145 3037 296 3118 plerique,
316 3037 401 3118 quod
420 3056 582 3100 occurrero
608 3039 754 3101 absentes
781 3037 822 3100 ad
842 3037 1054 3099 vadimonium
1080 3055 1144 3098 non

145 3150 283 3222 possent,
305 3163 399 3207 causa
419 3144 576 3207 caderent
618 3143 676 3209 (lui
705 3144 913 3208 instrumento
940 3141 1146 3206 distrahendo

145 3247 225 3310 nihil
246 3267 308 3312 non
329 3249 453 3312 fraudis
472 3228 678 3313 ao'lenocinii
699 3248 853 3326 adhibuit,
875 3247 966 3309 modo
992 3246 1145 3310 avaritiae
1160 3263 1193 3311 ts

145 3352 286 3430 singrdos
299 3354 466 3434 increpans
479 3361 514 3416 et
526 3355 612 3434 quod
624 3373 687 3415 non
701 3354 834 3435 puderet
852 3372 906 3416 eos
926 3351 1145 3432 locupletiores

144 3476 213 3519 ease
229 3477 325 3538 quarn
341 3478 385 3537 so,
399 3459 493 3522 modo
508 3457 735 3539 paenitentiam
755 3457 908 3522 simulans
928 3456 1013 3537 quod
1032 3455 1146 3536 prinoi-

145 3561 263 3642 palium
299 3583 402 3628 rerum
441 3564 575 3648 privatis
611 3565 734 3648 copiam
769 3565 896 3628 faceret
944 3562 1145 3642 compererat

145 3667 370 3748 provincialem
396 3671 586 3755 locupletem
619 3673 754 3737 ducenta
786 3669 934 3736 sestertia
965 3686 1145 3732 numerasse
1198 3652 1202 3659 ¹

146 3775 353 3858 vocatoribus,
363 3785 402 3843 ut
413 3798 471 3862 por
484 3778 643 3845 tallaoim
657 3777 803 3844 convivio
815 3776 1075 3860 interponeretur,
1088 3792 1147 3838 nso
1161 3787 1194 3838 a)

146 3881 264 3948 tulerat
273 3884 405 3950 molesto
414 3893 478 3951 tam
492 3906 605 3968 magno
614 3885 775 3952 aestimari
784 3886 933 3951 bonorem
945 3901 1040 3948 cenae
1053 3901 1146 3963 suao;

128 3987 351 4074 hniopostmn
363 3991 556 4101 discedenti
569 3991 605 4059 in
617 3992 761 4060 auctions
773 3991 871 4071 misit,
881 3988 1162 4100 qQ&
