2572 4320
136 25 1247 377 μ

463 584 575 638 umas
596 583 646 637 vu
696 583 804 638 uano.
1087 572 1156 639 189

136 778 199 818 rom
216 755 479 836 formidinemque
494 754 675 818 visentium
717 753 810 817 Nihil
827 752 917 835 prius
931 760 993 816 aut
1010 754 1119 835 magis
1134 774 1156 818 a

136 861 304 925 comitibus
326 868 474 941 exegerat
496 880 591 942 quam
618 879 659 923 ne
685 865 826 940 potestas
852 859 1004 939 uniquam
1031 860 1154 941 eapitis

137 969 185 1028 sui
208 968 305 1040 lieret,
327 966 383 1026 sed
402 973 440 1026 ut
459 983 586 1044 quoquo
606 965 700 1026 modo
719 970 805 1026 totus
821 970 1032 1024 premeretur.
1076 965 1155 1025 Per·

137 1071 225 1131 misit
238 1069 296 1130 hoo
310 1066 415 1130 Icelus
430 1067 550 1131 Galbae
565 1066 707 1145 libertus,
721 1085 786 1128 non
799 1064 902 1128 multo
916 1072 994 1129 ante
1008 1065 1154 1131 vineolis
1233 1062 1236 1068 ’

137 1176 308 1248 exsolutus,
323 1173 356 1233 in
371 1190 451 1250 quae
466 1172 568 1251 primo
581 1170 721 1233 tumultu
734 1169 894 1232 oonieetua
907 1169 1028 1231 fuerat
1168 1187 1185 1235 a

88 1290 124 1341 50
177 1279 352 1337 Funeratus
373 1281 424 1336 est
443 1275 586 1355 impensa
605 1274 811 1335 dueentorum
834 1271 968 1348 milium,
990 1273 1155 1351 stragulis

137 1382 217 1442 albis
241 1399 318 1441 auro
338 1378 480 1455 intextis,
498 1378 613 1458 quibus
633 1398 710 1440 usus
729 1378 803 1440 Kal.
819 1377 887 1439 Ian.
901 1376 1019 1439 tuerat.
1064 1377 1155 1441 Beli·

137 1487 227 1566 quias
255 1485 370 1563 lleloge
397 1490 430 1547 et
456 1483 652 1547 Alexandria
677 1483 817 1546 nutrieea
843 1501 913 1546 eum

137 1593 217 1653 Acte
241 1589 415 1653 concubina
438 1589 551 1669 gentili
574 1589 786 1652 Domitiorum
810 1608 916 1653 menu-

139 1704 242 1759 mento
255 1696 473 1772 uendiderunt,
487 1695 571 1776 quod
585 1694 809 1777 prospieiture
825 1713 936 1776 eampo
951 1694 1078 1759 Martio
1095 1695 1156 1759 im·
1170 1711 1201 1761 tt

138 1805 273 1886 positum
288 1802 433 1868 mllieulo
448 1803 664 1868 Hortulorum.
707 1803 747 1866 Iu
761 1821 799 1867 eo
812 1810 1016 1866 monumento
1030 1802 1154 1868 solium

138 1911 350 1993 porphyretici
372 1911 546 1989 marmoris,
560 1918 760 1993 superstante
778 1911 917 1974 Lunensi
935 1930 1001 1990 ara,
1014 1911 1156 1976 eireum-

137 2027 279 2100 saeptum
293 2026 342 2081 est
355 2019 459 2099 lapide
473 2018 598 2081 Thasio.

88 2137 122 2186 51
177 2128 305 2187 Statura
328 2124 393 2187 fuit
418 2143 514 2206 prope
535 2124 628 2203 iusta,
648 2144 778 2207 corpore
798 2124 957 2187 maculoso
976 2128 1011 2186 et
1030 2123 1154 2204 fetido,

138 2231 278 2294 subflavo
307 2229 432 2312 capillo,
462 2230 553 2293 vultu
580 2231 715 2312 pulchro
747 2231 848 2309 magis
875 2250 969 2311 quam
997 2240 1154 2312 venusto,
1170 2249 1203 2296 aa

137 2337 234 2397 oeulis
253 2336 352 2398 eaesis
373 2343 407 2397 et
427 2336 650 2412 hebetioribus,
670 2337 792 2398 nervios
813 2336 915 2411 obesa,

138 2447 245 2501 ventre
264 2440 410 2520 proiecto,
426 2438 612 2518 gracillimis
632 2440 785 2515 eruribus,
799 2438 917 2500 valetu-

137 2546 210 2606 dine
237 2564 386 2626 prospera
411 2544 499 2624 (nam
523 2545 580 2625 qui
603 2543 746 2606 luxuriae
770 2543 917 2605 immode-

137 2650 313 2712 ratissimae
340 2656 432 2726 esset,
457 2657 507 2713 ter
533 2650 662 2712 omnino
689 2669 745 2730 per
767 2646 1016 2730 quattuordecim
1041 2665 1149 2712 annos

941 2412 1065 2461 huual

941 2498 1104 2548 appearance

137 2756 269 2834 languit,
290 2753 391 2838 'utque
419 2757 466 2819 ita
492 2763 529 2819 ut
555 2775 657 2836 neque
685 2755 759 2833 vino
786 2773 887 2834 neque
914 2753 1147 2817 eonsuetudine
1164 2771 1200 2819 a)

138 2863 259 2941 reliqua
280 2864 487 2945 abstineret);
515 2862 599 2924 eirea
619 2861 740 2923 cultum
763 2860 969 2939 habitumque
989 2859 1067 2921 adeo
1089 2878 1149 2940 pu·

138 2969 267 3047 dendus,
288 2976 325 3033 ut
344 2989 464 3034 nomam
486 2988 609 3052 semper
630 2968 664 3031 in
684 2967 800 3050 gradus
821 2968 987 3030 formatam
1008 2967 1148 3047 peregri·

138 3078 264 3139 natione
291 3062 430 3138 Achaica
459 3076 555 3138 etiam
586 3096 667 3157 pone
694 3077 844 3138 verticem
875 3071 1077 3148 summiserit,
1107 3092 1147 3136 as

138 3185 330 3263 plerumque,
351 3182 569 3262 synthesinam
593 3184 736 3259 indutus,
758 3182 855 3261 ligato
881 3169 997 3244 circuni
1025 3177 1146 3242 eodum

138 3289 263 3351 sudario
276 3287 430 3369 prodierit
444 3288 477 3350 in
491 3289 649 3370 publicum
663 3290 732 3354 siue
742 3290 848 3352 einetu
858 3297 891 3352 et
904 3286 1115 3351 discalciatus.
1161 3304 1195 3352 sn

89 3404 125 3454 52
179 3392 333 3457 Liberalis
356 3394 544 3477 disciplinas
568 3395 670 3460 omuis
692 3396 759 3459 fers
784 3415 861 3477 puer
880 3394 998 3476 attigit
1039 3391 1104 3456 Sed
1125 3411 1147 3456 a

139 3500 340 3586 philosophis
357 3521 430 3567 eum
451 3511 552 3597 mater
571 3505 696 3583 avertit,
711 3524 841 3570 monens
862 3504 1054 3587 imperaturo
1073 3520 1147 3567 eon·

139 3611 267 3679 tmuium
279 3631 365 3680 usse:
386 3612 747 3698 uoognitionevoterum
760 3621 918 3682 oratorum

140 3723 258 3785 Seneca
279 3731 472 3804 praeceptor,
497 3743 561 3804 quo
583 3725 705 3788 diutius
729 3724 770 3785 in‘
787 3725 919 3788 admira·
942 3698 1107 3823 32³⁶„

140 3827 226 3890 tione
253 3828 304 3892 sui
331 3829 495 3893 detineret
552 3830 665 3910 Itaque
692 3830 733 3891 ad
763 3831 918 3909 poetieam
1161 3846 1194 3893 a)
1216 3870 1221 3875 -

139 3951 266 4010 pronus,
287 3934 428 3997 earmina
450 3934 586 3997 libenter
606 3953 642 3997 ae
664 3934 733 4026 sine
753 3932 859 3996 labore
879 3932 1054 4013 eomposuit
1076 3950 1145 4010 neu,

140 4044 177 4098 ut
199 4037 329 4119 quidam
356 4046 480 4122 putant,
504 4039 609 4103 aliena
632 4058 690 4121 pro
715 4038 783 4102 suis
809 4036 919 4101 edidit
960 4037 1083 4100 Venere
1111 4037 1146 4099 in

702 4166 709 4238 i
755 4227 763 4241 .

142 4270 247 4296 .-
