2572 4320
422 547 535 601 man
557 546 608 602 ιν.
659 547 689 603 n
715 549 913 607 samouna
1131 543 1178 613 67
1282 535 1285 539 ’

168 719 319 799 regendos
332 717 461 781 narium
474 737 584 782 onrsus
598 718 687 800 ignes
701 720 888 802 emiearent3
907 724 1176 809 pruuuntiatoque

168 825 263 887 militi
284 825 435 886 ιοιιιιιιο
450 823 592 887 sentenia
606 825 728 887 viritim
747 827 886 891 denariis
886 829 1000 910 ,quasi
1017 849 1109 894 omns
1121 851 1176 896 ex·

167 931 305 1011 emplum
319 928 522 993 liberalitatis
536 948 758 1062 supergressus
767 932 887 1010 Aba«,
877 933 991 1015 mquit,
1001 936 1081 1014 loeti,
1091 939 1174 1001 atus

167 1038 343 1116 locupletes!

117 1158 153 1209 47
207 1146 385 1205 Conversus
407 1139 483 1204 bins
504 1140 545 1204 ad
566 1159 673 1205 suram
696 1140 860 1225 triumphi,
884 1151 1007 1224 praeter
1027 1144 1206 1227 saptivoss

167 1269 203 1311 ao
217 1248 400 1326 transfugas
419 1245 567 1309 barbmos
585 1245 762 1308 Galliarum
780 1267 905 1328 quoque
917 1249 1171 1330 protiosissimum

167 1372 322 1433 quemque
336 1359 370 1415 et
383 1350 456 1433 (ut'
447 1369 516 1433 rpse
533 1350 671 1436 dicebat)
682 1353 940 1433 ιξιόθριιμβινιον,

167 1479 203 1520 as
217 1456 386 1520 nonnullos
395 1476 435 1519 ex
449 1455 646 1552 principibus
659 1457 738 1534 legit
751 1475 788 1520 ao
801 1458 943 1539 seposuit

167 1564 207 1624 ad
221 1581 377 1642 pompam,
391 1561 556 1641 ooegstque
565 1580 630 1623 non
644 1568 768 1623 tantum
783 1562 914 1624 rutilare
926 1570 961 1625 et
973 1564 1172 1628 summittere

167 1686 296 1744 somam,
317 1666 374 1730 sed
393 1673 427 1729 et
447 1683 621 1757 sermonem
643 1666 864 1730 Garmanieum
884 1666 1045 1730 adiissem
1065 1674 1098 1730 et
1118 1688 1173 1731 no-
1189 1685 1220 1734 ιι

167 1774 253 1834 mina
272 1771 433 1834 ιιιιιιιιιὶιι
454 1770 546 1834 ferre.
587 1767 755 1853 Praecepit
773 1771 869 1833 etiem
890 1772 1038 1849 triremis,
1054 1772 1172 1852 quibus

167 1876 330 1938 introierat
358 1877 527 1953 Ooeanum,
555 1895 670 1954 magna
695 1893 734 1937 ex
761 1883 851 1955 parte
884 1875 998 1939 itinere
1028 1878 1172 1939 terrestri

167 1984 300 2043 Romam
321 1981 444 2043 derebi.
487 1980 622 2062 Soripsit
639 1988 672 2043 et
692 1981 953 2061 procuratoribus,
974 1980 1171 2062 triumphum

166 2092 355 2166 appararent
372 2105 467 2166 quam
485 2085 617 2147 minime
630 2104 761 2161 summa,
776 2086 832 2147 sed
845 2092 983 2165 quantus
999 2104 1171 2166 numquam

166 2192 248 2254 alius
275 2191 400 2268 fuisset,
428 2189 557 2271 quando
584 2190 619 2251 in
645 2189 786 2252 omnium
816 2189 977 2253 hominum
1011 2190 1093 2253 bona
1119 2189 1170 2255 ius
1188 2207 1219 2257 rs

166 2296 325 2356 haberent

116 2409 152 2461 ss
206 2399 395 2481 Priusquam
416 2400 580 2480 provincia
599 2398 772 2477 desederet,
786 2398 953 2462 eonsilium
972 2398 1047 2462 iniit
1062 2399 1172 2462 neim-

166 2507 224 2566 dae
248 2505 433 2581 etroeitatis,
461 2505 610 2583 legiones,
638 2522 718 2582 quae
744 2510 818 2585 post
843 2524 1004 2567 exoessum
1031 2505 1170 2581 Augusti

166 2608 352 2671 seditionem
387 2608 462 2670 olim
497 2614 669 2682 moverant,
697 2607 944 2683 eontrusidendi,
1250 2608 1253 2612 ’

167 2713 249 2791 quod
272 2718 305 2774 et
328 2719 451 2792 patrem
474 2730 566 2772 suum
589 2710 811 2773 Germanicum
833 2711 945 2772 dusem
968 2707 1146 2756 ΜΝ·
1185 2727 1219 2774 s)

166 2822 199 2876 et
220 2835 253 2877 se
277 2817 433 2876 infantem
457 2821 534 2876 tune
557 2814 764 2890 obsedissent,
787 2813 903 2892 vixque
924 2832 945 2875 ι
968 2781 1146 2901 ’,ππ

166 2926 231 2980 tam
245 2918 411 2999 praeeipiti
421 2916 611 2998 cogitatione
624 2924 797 2993 revosetur,
807 2915 943 2978 inhiberi

168 3023 255 3084 nulio
282 3023 375 3085 modo
409 3023 514 3104 potuit
540 3022 619 3103 quin
653 3021 808 3083 desimare
836 3019 919 3081 velle
945 3025 1168 3098 perseveraret
1193 3045 1195 3048 ⁴
1230 3063 1249 3076 „

167 3128 301 3189 Vosatae
315 3127 422 3207 itaque
436 3128 477 3189 ad
489 3127 667 3189 santionem
681 3125 825 3200 inermes,
836 3130 930 3203 atque
944 3124 1038 3184 etiam
1053 3121 1169 3200 gladiis

167 3231 329 3309 depositis,
343 3231 487 3312 equitatu
501 3239 624 3294 armato
637 3228 851 3293 siroumdedit
887 3226 950 3290 Sed
963 3245 1034 3288 sum
1048 3225 1170 3288 rideret
1185 3242 1218 3290 ss

168 3341 317 3413 suspecta
337 3352 372 3396 re
393 3314 683 3418 plerosque(diIabi
706 3333 748 3397 ad
772 3331 958 3395 resumenda
981 3330 1009 3392 si
1033 3349 1097 3410 qus
1119 3328 1170 3391 vis

168 3439 258 3501 fieret
267 3432 370 3541 mma)
374 3440 517 3520 profugit
525 3440 703 3503 sontiouem
716 3437 945 3517 confestimque
958 3434 1067 3498 urbem
1077 3433 1169 3514 petit,

168 3543 291 3605 deflexa
313 3545 399 3607 omni
422 3545 594 3609 aoerbitate
616 3545 651 3607 in
673 3550 826 3620 senatum,
848 3542 899 3604 oui
921 3540 962 3604 ad
983 3537 1171 3602 avertendos
1244 3559 1248 3565 ·

168 3655 327 3713 tantorum
341 3651 528 3715 dedeeorum
549 3669 689 3714 rumores
702 3648 807 3730 palam
821 3647 1016 3722 minabatur3
1037 3659 1171 3724 querens
1218 3641 1222 3648 '

168 3754 252 3816 inter
264 3762 369 3820 oetere
381 3756 562 3820 fraudatum
578 3774 613 3818 ss
625 3754 710 3819 iusto
722 3752 893 3834 triumpho,
906 3769 977 3813 eum
991 3748 1060 3830 ipse
1076 3746 1172 3828 paulo
1187 3760 1219 3808 eo

169 3866 251 3939 ants,
279 3879 320 3924 ne
346 3861 425 3944 quid
451 3862 492 3926 ds
518 3859 689 3924 bonoribus
716 3857 783 3922 suis
809 3862 963 3936 ιιιιιιιιι,
989 3853 1087 3918 etism
1112 3851 1173 3914 sub

118 3975 156 4026 se
171 3966 280 4031 mortis
307 3986 409 4050 ροιιιιι
434 3965 661 4031 denuntiasset
711 3961 831 4026 adius
856 3979 932 4040 ergo
954 3958 989 4021 in
1011 3957 1125 4022 itinere
1151 3973 1173 4018 s

969 1421 1138 1486 fflfflsssfl
