2572 4320
454 539 567 591 arena
588 539 643 594 nr.
693 505 873 594 ornamus
1125 530 1169 599 st

162 714 246 774 taret
270 714 327 772 aut
353 709 503 785 demeret,
526 714 626 789 utque
652 709 747 771 nudis
772 710 889 789 puellis
914 711 1168 776 ministrantibus

163 821 335 878 conaretur.
379 815 619 896 Ignotispimum
646 821 834 895 quaesturae
856 814 1060 878 oandidatum
1083 815 1170 879 nobi·

164 919 295 981 lissimis
312 919 495 998 anteposuit
509 918 550 981 ob
562 925 687 998 epotam
705 920 739 980 in
755 919 909 997 convivio,
924 920 1112 1002 propinante
1124 941 1169 1000 se,

164 1024 436 1105 rinianrphorarn
481 1021 605 1085 Asellio
614 1022 730 1084 Sabino
740 1022 886 1085 sestertia
895 1023 1171 1088 dueentadonarit

165 1147 222 1209 pro
239 1128 374 1206 dialogo,
389 1127 424 1189 iu
443 1146 507 1206 qno
524 1125 622 1189 boleti
641 1134 674 1189 et
691 1126 842 1188 dosdulae
855 1135 889 1188 st
902 1134 1024 1190 ostreae
1037 1136 1071 1191 et
1083 1124 1201 1193 turdis

165 1239 322 1293 certamen
334 1232 509 1293 induxerat
552 1231 678 1293 Novum
693 1231 831 1310 denique
847 1232 983 1294 oiiioium
997 1232 1172 1297 instituite

166 1333 578 1414 voluptatibus,praeposito
587 1334 694 1413 equits
703 1335 847 1397 Romano
855 1335 1169 1400 adsensionum

113 1552 154 1605 se
206 1543 361 1606 Peouniae
374 1561 487 1622 parona
500 1561 537 1605 ao
554 1549 658 1621 tenax,
672 1542 804 1606 oomites
820 1543 1105 1623 peregrinationum
1122 1563 1173 1606 ex·

166 1647 424 1730 peditionumque
436 1664 607 1726 numquam
616 1646 741 1723 salario,
749 1647 876 1708 oibsriis
883 1654 950 1709 tan·

166 1764 235 1818 tum
249 1753 450 1831 sustentavit,
462 1772 526 1816 uua
538 1753 632 1816 modo
645 1751 837 1815 liberalitate
851 1771 890 1814 ex
904 1751 950 1814 in·
973 1715 1120 1778 ΨΜ
1189 1777 1217 1827 lu

167 1859 332 1939 dulgentia
351 1857 457 1921 vitrioi
480 1863 674 1938 prosecutus,
689 1875 760 1919 oum
781 1856 883 1919 tribus
903 1845 1174 1920 elassibus'iaotis

168 1985 226 2045 pro
245 1964 401 2044 dignitate
418 1962 580 2043 uniusque,
595 1962 715 2044 primns
737 1967 882 2025 sesoenta
898 1960 1054 2037 sestertia,
1068 1978 1175 2023 senum

134 2071 138 2079 '
167 2071 227 2131 dae
247 2068 479 2149 quadringenta
500 2067 673 2143 distribuit,
695 2067 833 2130 duosnta
852 2067 974 2144 tertiae,
995 2084 1089 2148 quam
1110 2085 1176 2129 non

168 2172 349 2245 amioorum,
363 2173 419 2234 sed
433 2178 593 2251 gratorum
607 2163 799 2251 appellabat.

116 2284 155 2339 47
208 2275 361 2355 Prinoeps
374 2292 476 2354 neque
490 2293 585 2354 opera
598 2273 666 2336 ulla
678 2273 846 2350 magnifloa
858 2273 937 2336 feeit
948 2274 1034 2353 (nam
1048 2280 1081 2336 st
1094 2293 1175 2353 quae
1184 2290 1215 2338 ιι

169 2379 237 2441 sola
249 2385 438 2458 susoeperat,
455 2379 593 2458 Augusti
609 2377 764 2456 templum
777 2377 1072 2456 restitutionemque
1086 2378 1176 2438 Pom·

169 2485 273 2566 polani
290 2484 417 2561 theatri,
432 2483 620 2565 imperieuta
638 2488 712 2563 post
730 2487 781 2543 tot
797 2499 896 2544 annos
914 2479 1058 2563 reliquit)
1074 2499 1176 2561 nequo

168 2588 613 2670 spectaculaomninoodidit3
635 2594 668 2650 et
679 2587 729 2664 iis,
741 2605 821 2667 quae
831 2586 873 2649 ab
882 2587 989 2667 aliquo
998 2587 1175 2664 ederentur,

168 2694 494 2771 mrissimeinterluit,
505 2694 633 2775 nequid
644 2692 995 2774 exposueretur‚utiqne
1007 2697 1175 2772 postquam

168 2798 350 2860 oomoedum
367 2798 496 2860 Aetium
515 2804 641 2860 ooaotns
660 2804 711 2859 est
727 2796 957 2859 manumittere
999 2797 1173 2859 Pauoorum
1190 2811 1217 2861 m

169 2908 347 2964 senatuum
375 2902 484 2982 inopia
509 2906 695 2978 sustentate,
717 2918 757 2962 ue
784 2899 928 2980 pluribus
951 2918 1042 2981 opem
1065 2899 1174 2977 terret,

169 3005 297 3082 negavit
310 3023 344 3068 se
358 3005 432 3068 aliis
448 3007 686 3082 subventurum,
702 3006 765 3069 nisi
784 3006 908 3069 senatui
926 3005 1028 3067 iustas
1045 3004 1176 3067 nsosssi·

169 3111 281 3172 tatium
296 3130 407 3174 musas
420 3111 615 3191 probassent
657 3111 726 3186 Quo
739 3118 832 3192 puoto
846 3109 1011 3192 plerosque
1022 3109 1177 3172 modestia

169 3221 202 3275 et
216 3215 334 3294 pudore
347 3215 510 3291 deterruit,
525 3216 688 3296 inquibus
703 3216 884 3292 Hortalum,
897 3214 1009 3288 Quinti
1023 3214 1175 3278 Hortensi

170 3323 302 3381 oratoris
330 3324 485 3399 nepotem,
513 3321 570 3401 qui
600 3321 781 3402 permodioa
807 3339 841 3384 rs
868 3320 1021 3383 familiari
1047 3325 1176 3389 anutore
1191 3332 1217 3379 m

88 3441 129 3531 qq,
170 3404 314 3501 Augusto
327 3429 476 3505 quattuor
490 3423 607 3488 liberos
620 3425 747 3488 tulerat.

116 3538 156 3590 48
209 3527 340 3592 Publius
361 3528 608 3594 muniflosntiam
630 3529 681 3594 bis
700 3529 829 3594 omnino
845 3529 1000 3606 exhibuit,
1013 3527 1176 3610 proposito

169 3631 273 3697 milies
294 3634 476 3698 sestertium
500 3636 639 3715 gratuito
663 3636 697 3698 in
719 3633 851 3699 triennii
870 3642 1005 3717 tempus,
1019 3641 1053 3697 et
1066 3653 1175 3698 rursus

168 3736 356 3816 quibusdam
385 3738 523 3802 dominis
550 3739 737 3817 insularum,
764 3758 844 3820 quae
871 3739 907 3802 in
932 3747 1040 3802 monte
1066 3737 1176 3802 (laelio

168 3841 387 3923 deflagrarant,
409 3843 513 3925 pretio
534 3843 692 3908 restituto
733 3843 869 3918 Quorum
894 3841 1034 3932 ‘·-'‘..”¹¹⁰
1060 3855 1217 3921 magnam

167 3945 355 4011 didioultate
368 3948 553 4028 nummaria,
567 3946 686 4034 populo
697 3947 853 4012 auxilium
865 3946 1039 4027 flagitante,
1048 3953 1176 4012 ouautus
