2572 4320
801 334 817 341 .-
829 336 917 345 uua...-

372 559 483 615 mssn
505 560 541 616 v.
592 560 706 617 nnus
727 560 923 621 nunnius
1109 551 1180 626 91]

143 733 261 816 pariter
279 750 352 794 oum
372 729 469 809 vulgo
488 750 564 795 vooe
584 731 756 814 digitisque
780 741 969 813 numeraret,
993 754 1032 801 so
1055 757 1180 823 saeps-

144 838 297 902 hortsndo
311 837 511 916 rogandoque
527 836 569 899 ad
585 836 778 901 hilaritatem
797 838 939 904 homiues
955 852 1170 923 promosset.

145 945 286 1007 dominos
300 943 473 1004 identidem
487 942 662 1024 appellans,
676 944 831 1009 immixtis
849 945 1008 1009 interdum
1023 948 1174 1030 frigidis.

145 1059 177 1114 et
196 1048 355 1112 aroessitis
375 1048 470 1127 iooin3
491 1048 596 1130 qualis
615 1055 666 1113 est
685 1057 723 1114 ut
741 1069 812 1114 eam
835 1049 1022 1115 Palumbum
1045 1064 1167 1136 posta·

145 1157 285 1220 lantibus
299 1145 443 1218 daturum
456 1155 657 1236 repromisit,
671 1159 701 1219 si
712 1166 817 1236 ruptas
829 1166 911 1220 emt
954 1157 1043 1222 illud
1058 1160 1162 1242 plane
1178 1206 1180 1217 .

145 1261 348 1343 quantumvis
364 1260 533 1323 sainbriter
549 1268 583 1324 et
598 1261 630 1323 in
645 1270 803 1344 tempore:
825 1281 896 1325 oum
910 1263 1084 1344 essedario,
1097 1286 1160 1349 pro

146 1388 208 1449 quo
228 1375 376 1447 quattuor
396 1366 456 1430 filii
476 1365 733 1449 depressimntur,
747 1387 862 1448 magno
880 1368 1021 1432 omnium
1042 1368 1176 1442 farore

147 1473 331 1550 indulsisset
351 1472 471 1549 rudem,
492 1471 632 1535 tabulam
654 1472 727 1536 ilino
750 1474 839 1537 misit
860 1473 1033 1539 admonens
1057 1495 1154 1560 popu·

147 1579 350 1656 lum,qunnto
368 1593 455 1656 opere
472 1579 583 1640 liberos
600 1582 749 1658 suxipere
766 1581 1154 1659 dmmnqemotderas

148 1682 311 1759 gladiatori
323 1683 482 1757 praesidio
499 1683 674 1758 gratiaeque
692 1700 762 1741 esse
803 1681 916 1743 Edidit
931 1688 965 1744 et
980 1682 1016 1743 in
1032 1683 1180 1747 Msrnon

148 1804 258 1866 eampo
277 1783 544 1865 expugnationem
564 1783 835 1867 direptionemque
855 1785 964 1868 oppidi
983 1787 1025 1850 ad
1043 1787 1153 1869 insagi-

149 1912 219 1954 nem
244 1891 389 1954 beilioam
413 1898 447 1954 et
469 1891 662 1953 deditionem
685 1892 869 1954 Britanniae
892 1911 1010 1972 regum,
1031 1913 1152 1976 praese·

149 2000 258 2082 ditque
286 1984 463 2082 paludatus.
511 1999 594 2074 Quin
618 2006 652 2062 et
674 1996 846 2063 emissurus
870 1999 1023 2064 Fucinum
1046 2000 1151 2066 laeum

150 2107 367 2175 nsurnaehiom
388 2115 462 2174 unte
489 2107 655 2175 commisit
698 2107 760 2175 Sed
787 2127 858 2173 oum
885 2107 1152 2193 proclamantibus

149 2215 402 2292 naurmschianiis‚
438 2218 529 2276 Iluoe
563 2221 734 2293 imputator,
769 2220 911 2277 morituri
940 2227 968 2278 te
997 2221 1180 2284 mimmii

149 2320 371 2401 respondisset,
399 2321 465 2382 Aut
488 2321 570 2382 sams!
604 2338 706 2401 neque
729 2326 803 2401 post
825 2320 908 2382 hane
927 2339 1034 2383 vooern
1057 2323 1152 2401 qnasi

149 2426 241 2488 venia
261 2426 337 2489 data
356 2425 524 2506 quisquam
544 2425 693 2488 dimicare
715 2426 821 2503 vellet,
841 2424 897 2489 diu
924 2432 1090 2490 annotatus
1110 2448 1153 2492 an

148 2533 249 2596 omnis
271 2533 338 2612 igni
358 2533 504 2613 ferroque
525 2532 711 2610 absumeret,
726 2531 853 2595 tandem
873 2551 891 2595 e
912 2533 985 2596 sede
1004 2552 1063 2596 sna
1082 2555 1152 2617 pro·

148 2638 238 2702 siluit
258 2658 295 2702 ae
317 2659 373 2722 per
394 2639 548 2702 ambitum
572 2639 659 2703 laone
673 2658 735 2701 non
754 2638 823 2703 sine
842 2639 936 2702 foeda
948 2639 1151 2705 vacillatione
1169 2716 1179 2734 ·

148 2745 335 2824 discurrens,
356 2746 472 2827 partim
493 2746 644 2809 minando
663 2746 779 2827 partim
799 2746 995 2809 adhortando
1014 2748 1056 2809 ad
1076 2763 1180 2829 pugn

147 2871 222 2915 nam
234 2853 396 2934 compulit
438 2854 508 2916 Hoc
528 2852 706 2934 speotaeulo
724 2851 835 2916 elassis
854 2851 960 2916 Sionis
977 2859 1010 2916 et
1024 2853 1153 2918 Rhodia

113 3019 116 3024 .
147 2969 378 3040 concurrerunt,
400 2962 615 3023 duodenarum
636 2960 812 3023 triremium
833 2960 985 3040 singulae,
1006 2962 1174 3025 exciente·

147 3064 261 3129 bucina
273 3066 403 3129 Tritone
420 3072 578 3146 argenteo,
593 3066 649 3147 qui
665 3065 801 3129 emedio
818 3065 888 3129 lanu
902 3084 958 3148 per
971 3066 1149 3130 machinam

146 3179 322 3235 emerserat

96 3291 134 3347 tt
186 3277 346 3350 Quaedam
367 3278 451 3343 nima
473 3278 680 3342 caerimonias
707 3277 892 3359 uirilemque
920 3285 954 3341 et
979 3277 1180 3348 militarems

147 3381 274 3462 moremj
289 3384 365 3448 item
387 3385 472 3448 eirea
491 3385 632 3448 omnium
653 3383 798 3447 ordinum
817 3391 934 3448 statum
953 3381 1039 3447 domi
1058 3383 1152 3448 foris·

146 3506 207 3567 qne
226 3496 283 3552 aut
302 3492 449 3569 oorreait,
464 3497 521 3553 snt
540 3489 665 3554 exoleta
687 3489 854 3566 resonavit,
868 3495 925 3551 snt

146 3593 241 3654 etiam
268 3612 352 3656 nora
378 3595 529 3658 institnit
580 3597 619 3656 In
652 3594 835 3674 oooptsndis
868 3613 924 3673 per

145 3696 279 3777 eollegia
299 3700 515 3763 sacerdotibus
536 3698 694 3761 neminem
715 3697 778 3761 nisi
802 3697 923 3760 iuratus

145 3803 339 3883 nominavit3
364 3804 606 3886 observavitque
631 3802 750 3880 sedulo,
772 3810 818 3880 ut,
841 3802 987 3884 quotiens
1011 3808 1095 3864 terra
1114 3799 1180 3870 ina

144 3908 221 3971 urbe
235 3908 396 3985 movisset,
411 3909 508 3973 ferias
522 3910 676 3973 advooata
688 3907 833 3972 oontirum
847 3914 972 3990 praetor
984 3906 1149 3984 indieeret,

145 4019 252 4093 utque,
273 4012 344 4077 dira
365 4031 424 4076 sse
447 4013 482 4077 in
503 4013 662 4096 Capitolio
680 4013 759 4093 visa,
780 4011 954 4078 obseerstio
972 4011 1151 4089 haberetur,

948 3569 1151 3619 mensumn·

948 3641 1139 3706 mrum
