2572 4320
401 551 513 606 nmen
535 552 585 608 rr.
637 552 669 609 c.
693 552 892 611 canrcona
1111 543 1158 614 ⁷8

146 724 226 786 cella
239 722 379 786 Palatini
391 721 550 786 atriensis.
592 723 661 786 Neo
674 717 844 786 deiuenmt
860 725 916 805 qui
927 725 1156 806 coniectarent,

146 830 245 890 altero
263 833 388 890 ostento
408 827 580 907 periculum
603 847 624 890 a
643 828 826 891 custodibus
846 829 973 892 domino
993 832 1154 911 portendi,
1187 900 1190 905 Δ

146 934 245 994 altero
266 931 394 993 caedem
417 949 525 994 rursus
551 931 714 1010 insignem,
736 933 839 1012 qualis
859 933 967 1004 eodem
988 934 1041 996 die
1063 935 1156 999 iacta

146 1039 303 1117 quondam
328 1035 453 1098 inisset
503 1036 688 1100 consrrlenti
712 1056 836 1117 quoque
858 1037 899 1100 de
923 1038 1068 1117 genitura
1092 1060 1155 1104 sua
1260 1083 1262 1092 ι

147 1143 235 1205 Sulla
259 1141 500 1206 mathematicus
528 1141 736 1205 certissimam
763 1161 870 1206 necem
898 1146 1187 1226 appropinquaret

145 1248 321 1312 affirmavit
376 1249 569 1312 Monuerunt
600 1254 633 1311 et
659 1249 817 1312 Fortunae
844 1249 1037 1328 Antiatinae,
1065 1258 1104 1314 ut
1130 1271 1153 1315 a

144 1355 253 1419 Cassio
272 1360 399 1417 caveret
407 1377 417 1433 ς
437 1374 501 1436 qua
517 1375 614 1419 causa
625 1353 681 1417 ille
695 1355 838 1420 Cassium
857 1355 1033 1436 Longinum
1050 1356 1150 1421 haiae

144 1467 211 1520 tum
246 1460 462 1539 proconsulem
500 1459 705 1522 occidendum
742 1461 951 1539 delegaverat,
984 1460 1150 1525 immemor

144 1565 314 1626 Chaeream
335 1565 479 1628 Gessium
492 1564 657 1626 nominari.
699 1564 807 1628 Pridie
826 1584 921 1645 quam
939 1565 1056 1646 periret
1068 1586 1150 1628 som·

144 1670 253 1746 niavit,
272 1669 445 1733 consistere
465 1688 500 1732 se
521 1669 555 1732 in
576 1669 662 1733 eaelo
683 1669 775 1733 iuxta
794 1669 906 1734 solium
925 1670 1021 1748 Iovis,
1035 1671 1150 1752 impul·
1166 1685 1199 1734 ro

144 1795 274 1853 sumque
294 1776 336 1837 ab
353 1794 390 1836 eo
408 1774 513 1836 dextri
535 1775 627 1854 pedis
646 1774 760 1854 pollice
780 1783 814 1836 et
832 1775 865 1837 in
880 1782 980 1837 terras
998 1776 1149 1857 praecipi·

143 1886 253 1941 tatum.
296 1878 513 1958 Prodigiorum
537 1878 605 1940 loco
626 1878 735 1941 habita
754 1885 831 1941 sunt
850 1879 956 1955 etiam,
970 1897 1050 1958 quae
1063 1879 1148 1943 forte

144 1983 199 2044 illo
213 1983 282 2063 ipso
295 1983 347 2045 die
362 1983 457 2064 paulo
471 1983 559 2064 prius
570 1983 757 2045 acciderant
790 1982 975 2046 Sacrificms
986 2001 1148 2063 respersus

144 2096 203 2148 est
220 2089 454 2169 phoenicopteri
489 2089 658 2166 sanguine,
693 2095 727 2150 et
760 2088 972 2168 pantomimus
1006 2089 1148 2151 Mnester

145 2193 337 2270 tragoediam
358 2192 498 2270 saltavit,
518 2211 613 2272 quam
637 2194 712 2255 olim
732 2192 959 2274 Neoptolemus
979 2193 1148 2270 tragoedus
1164 2211 1197 2259 rt

144 2298 236 2375 ludis,
266 2299 379 2379 quibus
414 2317 469 2360 rex
498 2299 703 2361 Macedonum
737 2299 907 2379 Philippus
940 2298 1061 2361 occisus
1086 2306 1147 2376 est,

144 2412 266 2481 egerat;
287 2410 404 2466 etcum
418 2404 452 2465 in
467 2404 620 2466 Laureolo
631 2405 736 2481 mimo,
747 2407 781 2465 in
795 2422 858 2484 quo
871 2409 958 2466 actor
971 2402 1148 2483 proripiens

144 2528 177 2571 se
199 2510 291 2572 ruina
312 2509 495 2589 sanguinem
517 2509 626 2587 vomit,
648 2509 754 2591 plures
776 2511 980 2572 secundarum
1001 2507 1147 2570 certatim

144 2615 390 2695 experimentum
419 2615 498 2679 artis
532 2617 653 2693 darent,
682 2634 791 2679 cruore
824 2634 937 2678 scaena
964 2612 1145 2677 abundavit

144 2723 318 2785 Parabatur
345 2728 378 2785 et
404 2721 438 2785 in
465 2729 589 2786 uocum
621 2720 844 2804 spectaculum,
871 2740 933 2802 quo
963 2727 1148 2799 argumenta
1161 2732 1195 2782 n

144 2831 315 2895 inferorum
344 2850 401 2914 per
433 2830 610 2915 Aegyptios
638 2837 670 2896 et
696 2829 871 2914 Aethiopas
905 2827 1145 2913 explicarentur.

93 2948 130 2999 aa
144 2939 245 2997 VIIII
274 2937 348 2999 Kal.
374 2938 462 2999 Febr.
488 2938 566 3001 hora
592 2940 659 3000 iere
686 2939 829 3017 septima,
853 2943 1015 2998 cunctatus
1039 2955 1079 2998 an
1103 2937 1145 2998 ad
1206 2955 1214 2973 ·

145 3042 309 3121 prandium
338 3050 480 3123 surgeret
507 3051 664 3106 marcente
691 3042 794 3106 adhuc
821 3040 981 3104 stomacho
1007 3039 1145 3120 pridiani

84 3198 86 3202 .
144 3146 205 3207 cibi
219 3166 320 3224 onere,
331 3149 459 3210 tandem
473 3149 678 3212 suadentibus
694 3148 804 3210 amicis
817 3165 959 3225 egressus
972 3151 1030 3206 est
1063 3144 1144 3208 Cum

145 3251 177 3311 in
191 3259 311 3333 crypta,
327 3273 490 3335 perquam
503 3255 727 3323 hermundum
739 3259 815 3330 erat,
830 3253 919 3334 pueri
1160 3263 1193 3312 n

144 3357 318 3420 nobilesex
332 3359 412 3422 Asia
424 3360 466 3422 ad
478 3359 615 3423 edendas
632 3360 667 3422 in
683 3378 795 3422 scaena
810 3377 920 3439 operas
944 3333 1146 3460 &m

144 3465 265 3528 evooati
299 3474 569 3550 praepararentur,
597 3474 635 3530 ut
665 3485 717 3530 eos
751 3465 920 3546 inspiceret

145 3569 384 3656 hortareturque
405 3573 534 3653 restitit,
555 3592 592 3637 ac
611 3573 675 3636 nisi
696 3565 966 3653 princeps'gregis
987 3567 1090 3645 algere
1111 3583 1145 3628 aa

145 3677 273 3755 diceret,
287 3679 390 3742 redire
403 3698 440 3743 ac
453 3686 686 3760 repraesentare
707 3676 918 3758 spectaculum
932 3673 1041 3736 voluit
1082 3671 1146 3732 Dn-

146 3781 219 3861 plex
241 3783 356 3848 dehinc
375 3786 462 3848 iama
480 3791 546 3848 eat:
568 3783 624 3846 alii
644 3782 776 3846 tradmm
795 3777 977 3860 adloquenti
997 3794 1110 3858 pueros
1125 3793 1148 3837 a
1161 3789 1193 3838 ro
1227 3865 1228 3869 Ἰ

145 3894 234 3968 tergo
247 3889 417 3954 Chaeream
437 3889 589 3954 cervicem
611 3887 716 3976 gladio
730 3887 847 3951 caesim
868 3882 1006 3966 graviter
1024 3899 1160 3965 percus,

147 3993 235 4074 sisse,
249 3995 423 4077 praemissa
435 4015 528 4061 roca:
549 3996 619 4060 Hoc
630 3995 706 4077 ogs!
725 3991 840 4057 debinc
859 3988 1040 4056 Cornelium
1060 3985 1149 4051 Sabi·
