2572 4320
406 320 433 328 ι.

353 338 464 351 --ι-μ,
503 342 525 352 ,ι

367 563 480 617 musa
502 563 536 618 v.
587 562 699 617 nrvus
722 564 915 619 susumus
1104 556 1148 624 87

144 739 286 799 iuvenem
307 733 415 815 probri
435 733 574 815 plenum,
589 734 646 797 sed
665 753 758 815 quem
781 741 871 816 puter
890 736 1148 818 probatissimum

144 842 203 903 sibi
218 839 402 917 affirmabat
412 839 481 902 sine
497 839 671 917 ignominia
685 838 818 917 dimisit,
832 831 1062 906 taten'dioens
1083 863 1149 907 een·
1172 904 1176 911 ,

143 965 240 1007 sorem
253 960 362 1018 suum
382 941 480 1004 alium
497 942 683 1022 corruptelis
696 941 923 1023 adulteriisque
1080 988 1083 994 ·

144 1052 300 1111 famosum
318 1045 400 1108 nihil
415 1045 552 1126 amplius
566 1065 662 1126 quam
676 1047 808 1124 monuit,
822 1056 855 1109 at
868 1057 922 1109 oet
946 1007 1098 1072 m,

144 1156 270 1230 peruias
282 1152 433 1212 midos
448 1152 613 1228 indulgeret
628 1159 682 1211 ost
695 1161 771 1211 serie
783 1155 921 1226 suetiam·
941 1151 1145 1232 addiditquer
1161 1173 1180 1220 s

147 1258 247 1333 Quare
272 1257 353 1317 enim
380 1273 433 1334 ego
459 1257 530 1330 seio,
555 1273 649 1331 qrmm
671 1257 802 1316 amioum
826 1255 958 1317 badensi
997 1255 1040 1317 Et
1063 1275 1146 1335 oum,

143 1361 305 1441 orantibus
337 1358 558 1436 familiaribus,
591 1358 782 1438 dempsisset
811 1360 935 1422 suidam
968 1361 1145 1442 appositam
1227 1368 1234 1377 “

144 1471 258 1537 notam,
277 1465 389 1524 Litore
406 1470 517 1537 tomen,
537 1460 651 1541 iuquit,
665 1462 776 1522 emet!
815 1462 1019 1541 Splendidum
1042 1464 1144 1525 virum

144 1568 356 1647 Graeciaeque
369 1565 550 1648 pmvinoiae
560 1565 744 1646 prinoipem,
756 1584 864 1628 rerum
876 1566 982 1629 latini
993 1568 1146 1631 sermonis

144 1674 296 1750 ignarum,
311 1692 373 1733 non
388 1673 481 1733 modo
495 1670 567 1733 albo
581 1671 721 1761 iudiouus
735 1671 840 1747 erasit,
855 1672 911 1733 sed
931 1673 964 1733 iu
978 1673 1146 1752 peregrini·
1162 1690 1194 1739 ss

143 1784 239 1838 tatem
260 1776 388 1855 redegit
430 1776 499 1837 Neo
516 1793 705 1855 quemquam
725 1775 787 1836 nisi
807 1793 865 1837 sua
878 1794 963 1854 roos,
976 1784 1144 1857 utrumque

143 1883 214 1959 quis
236 1886 351 1960 posset,
372 1899 409 1941 ao
431 1879 500 1942 siue
523 1887 656 1959 patrono
678 1880 834 1941 rationem
854 1879 939 1942 vitae
963 1899 1074 1960 pessus
1094 1887 1145 1944 est

143 1986 279 2047 reddere.
319 1983 516 2064 Notavitque
536 1982 662 2061 multos,
676 1990 710 2046 et
728 1982 878 2063 quosdam
899 1983 1094 2065 inopinantis
1110 1991 1145 2048 et

143 2111 181 2150 ex
202 2109 298 2152 eausa
318 2092 392 2151 novi
412 2091 545 2167 generis,
560 2089 645 2169 quod
666 2108 700 2151 se
719 2089 820 2151 insoio
837 2107 873 2151 ao
887 2089 956 2151 sine
970 2097 1144 2152 commeatu

144 2195 240 2255 Italia
258 2193 483 2269 exeessissent3
504 2193 660 2272 quendem
682 2210 758 2254 vero
778 2198 811 2254 et
831 2194 914 2272 quod
936 2212 1039 2256 eomes
1060 2194 1145 2272 regis
1161 2212 1192 2260 m

144 2298 175 2357 in
197 2297 360 2377 provincie
380 2297 505 2373 fuisset,
526 2297 677 2372 referens,
696 2297 847 2358 maiorum
870 2298 1063 2376 temporibus
1085 2298 1145 2359 Rs·

143 2403 223 2462 birio
236 2404 396 2478 Postumo,
407 2400 622 2463 Ptolemaeum
634 2401 857 2461 Alexandriam
870 2401 983 2461 orediti
997 2401 1143 2463 servandi

142 2525 236 2567 eausa
262 2513 379 2581 seoutu,
402 2505 522 2567 erimen
549 2504 725 2567 maiestatis
752 2505 836 2585 apud
864 2504 982 2567 iudioes
1014 2512 1142 2567 motum.

143 2610 254 2670 Plures
274 2615 383 2670 notare
403 2616 544 2684 oonatus,
563 2628 678 2685 magna
700 2608 920 2686 inquisitorum
946 2609 1145 2686 neglegentia
1239 2590 1242 2595 ⁸

143 2713 197 2771 sed
219 2731 276 2773 sno
295 2713 412 2774 maiore
432 2713 593 2786 dedeoore,
608 2711 752 2772 innoxios
772 2712 838 2773 fere
857 2713 1004 2791 repperit,
1018 2713 1144 2789 quibus-
1159 2731 1192 2779 s)

143 2834 275 2893 eumque
292 2814 481 2877 caelibatum
494 2821 552 2877 aut
564 2813 730 2875 orbitatem
745 2819 801 2875 ant
813 2821 981 2892 egestatem
997 2814 1141 2889 obiceret,

143 2918 280 2995 maritos,
304 2925 421 2999 patres,
444 2918 612 2999 opulentos
636 2937 671 2980 se
696 2917 917 2999 probantibus;
944 2936 982 2978 eo
1004 2916 1141 2996 quidem,

143 3024 197 3100 qui
225 3024 352 3085 sibimet
378 3025 444 3085 vim
477 3023 563 3085 ferro
594 3022 742 3085 intulisse
775 3023 970 3101 arguebatur,
998 3021 1140 3083 illaesum

143 3145 255 3206 eorpus
268 3136 357 3190 veste
369 3128 514 3208 deposita
527 3132 715 3189 ostentante.
757 3127 898 3187 Fuerunt
912 3133 944 3187 et
958 3124 1014 3186 illa
1027 3125 1059 3186 iu
1074 3143 1143 3186 oen·

144 3252 216 3294 sura
234 3234 302 3297 eius
320 3233 482 3311 notabilia,
493 3234 578 3315 quod
597 3233 740 3296 essedum
755 3238 947 3310 argenteum,
961 3236 1141 3310 sumptuose
1158 3249 1191 3298 ss

143 3338 330 3401 fabricatum
358 3359 395 3403 ao
418 3340 529 3404 venale
556 3339 597 3402 ad
625 3337 793 3419 Sigillaria,
822 3336 932 3398 redimi
959 3335 1142 3415 eonoidique

143 3463 246 3506 eoram
266 3445 452 3527 imperavit;
473 3446 619 3527 quodque
632 3464 697 3505 uno
709 3444 760 3504 die
775 3443 839 3504 XX
853 3442 958 3504 edieta
971 3440 1142 3522 proposuit,

144 3549 226 3612 inter
241 3570 323 3632 quae
340 3552 413 3632 duo,
428 3571 558 3633 quorum
578 3551 679 3614 altero
696 3549 892 3624 admonebat,
908 3554 945 3610 ut
958 3547 1045 3610 uberi
1060 3545 1144 3609 vine·

144 3675 230 3718 arum
245 3648 402 3738 proventu
414 3659 493 3721 bene
507 3657 593 3721 dolia
605 3655 803 3737 pioarentur;
825 3654 933 3730 altero,
949 3652 1029 3715 nibil
1045 3671 1143 3733 seque

144 3762 246 3826 iaoere
260 3763 301 3826 sd
315 3764 441 3846 viperae
454 3781 593 3827 morsum
606 3778 702 3842 quam
715 3760 783 3823 taxi
798 3758 917 3823 arboris
931 3776 1048 3821 suoum.
1159 3773 1191 3822 se
1238 3746 1241 3754 ¹

95 3864 130 3918 17
183 3869 426 3949 Expeditionem
436 3887 531 3931 unam
541 3866 670 3930 omnino
679 3865 827 3945 susoepit,
837 3882 967 3943 mmque
979 3859 1169 3925 modinum.¹

144 3970 232 4053 (lum,
254 3972 391 4039 deeretis
414 3971 476 4038 sibi
495 3954 521 4037 'a
542 3967 656 4037 senatu
678 3968 870 4034 ornamentis
890 3967 1143 4050 triumphalibus,
