<?xml version="1.0" encoding="UTF-8"?>
<!DOCTYPE html PUBLIC "-//W3C//DTD XHTML 1.0 Transitional//EN"
    "http://www.w3.org/TR/xhtml1/DTD/xhtml1-transitional.dtd">
<html xmlns="http://www.w3.org/1999/xhtml" xml:lang="en" lang="en">
 <head>
  <title>
</title>
<meta http-equiv="Content-Type" content="text/html;charset=utf-8" />
  <meta name='ocr-system' content='tesseract 3.04.00' />
  <meta name='ocr-capabilities' content='ocr_page ocr_carea ocr_par ocr_line ocrx_word'/>
</head>
<body>
  <div class='ocr_page' id='page_1' title='image "./gaisuetonitranq00pikegoog_0125.png"; bbox 0 0 2572 4320; ppageno 0'>
   <div class='ocr_carea' id='block_1_1' title="bbox 358 535 907 595">
    <p class='ocr_par' dir='ltr' id='par_1_1' title="bbox 358 535 907 595">
     <span class='ocr_line' id='line_1_1' title="bbox 358 535 907 595; baseline 0.011 -7"><span class='ocrx_word' id='word_1_1' title='bbox 358 535 470 589; x_wconf 79' lang='lat' dir='ltr'><strong>unna</strong></span> <span class='ocrx_word' id='word_1_2' title='bbox 492 537 527 591; x_wconf 83' lang='lat' dir='ltr'><strong>V.</strong></span> <span class='ocrx_word' id='word_1_3' title='bbox 576 537 690 591; x_wconf 83' lang='lat' dir='ltr'><strong>mvus</strong></span> <span class='ocrx_word' id='word_1_4' title='bbox 711 538 907 595; x_wconf 70' lang='lat' dir='ltr'><strong>casumve</strong></span> 
     </span>
    </p>
   </div>
   <div class='ocr_carea' id='block_1_2' title="bbox 88 682 1224 4045">
    <p class='ocr_par' dir='ltr' id='par_1_2' title="bbox 134 682 1224 1737">
     <span class='ocr_line' id='line_1_2' title="bbox 174 682 1224 796; baseline 0.012 -28"><span class='ocrx_word' id='word_1_5' title='bbox 174 707 393 788; x_wconf 72' lang='lat' dir='ltr'><strong>Triumphalia</strong></span> <span class='ocrx_word' id='word_1_6' title='bbox 405 718 589 773; x_wconf 82' lang='lat' dir='ltr'><strong>ornamenta</strong></span> <span class='ocrx_word' id='word_1_7' title='bbox 603 709 720 789; x_wconf 84' lang='lat' dir='ltr'><strong>Silano,</strong></span> <span class='ocrx_word' id='word_1_8' title='bbox 735 710 820 774; x_wconf 85' lang='lat' dir='ltr'><strong>filiae</strong></span> <span class='ocrx_word' id='word_1_9' title='bbox 833 731 909 776; x_wconf 87' lang='lat' dir='ltr'><strong>enas</strong></span> <span class='ocrx_word' id='word_1_10' title='bbox 922 732 1053 796; x_wconf 85' lang='lat' dir='ltr'><strong>sponso,</strong></span> <span class='ocrx_word' id='word_1_11' title='bbox 1067 682 1224 780; x_wconf 47' lang='lat' dir='ltr'><strong>nol</strong></span> 
     </span>
     <span class='ocr_line' id='line_1_3' title="bbox 135 798 1224 894; baseline 0.013 -21"><span class='ocrx_word' id='word_1_12' title='bbox 135 814 208 874; x_wconf 89' lang='lat' dir='ltr'><strong>dum</strong></span> <span class='ocrx_word' id='word_1_13' title='bbox 229 813 340 894; x_wconf 78' lang='lat' dir='ltr'>puberi</span> <span class='ocrx_word' id='word_1_14' title='bbox 360 814 459 891; x_wconf 82' lang='lat' dir='ltr'>dedit,</span> <span class='ocrx_word' id='word_1_15' title='bbox 473 814 643 878; x_wconf 88' lang='lat' dir='ltr'><strong>maioribus</strong></span> <span class='ocrx_word' id='word_1_16' title='bbox 658 835 731 879; x_wconf 83' lang='lat' dir='ltr'><strong>vero</strong></span> <span class='ocrx_word' id='word_1_17' title='bbox 751 825 829 880; x_wconf 85' lang='lat' dir='ltr'><strong>natu</strong></span> <span class='ocrx_word' id='word_1_18' title='bbox 846 825 912 880; x_wconf 87' lang='lat' dir='ltr'><strong>taru</strong></span> <span class='ocrx_word' id='word_1_19' title='bbox 930 818 1048 884; x_wconf 84' lang='lat' dir='ltr'><strong>multis</strong></span> <span class='ocrx_word' id='word_1_20' title='bbox 1067 798 1224 886; x_wconf 60' lang='lat' dir='ltr'><em>W</em></span> 
     </span>
     <span class='ocr_line' id='line_1_4' title="bbox 134 911 1224 998; baseline 0.006 -18"><span class='ocrx_word' id='word_1_21' title='bbox 134 938 194 998; x_wconf 89' lang='lat' dir='ltr'><strong>que</strong></span> <span class='ocrx_word' id='word_1_22' title='bbox 203 918 306 994; x_wconf 87' lang='lat' dir='ltr'><strong>faoiie‚</strong></span> <span class='ocrx_word' id='word_1_23' title='bbox 316 924 352 979; x_wconf 98' lang='lat' dir='ltr'><strong>ut</strong></span> <span class='ocrx_word' id='word_1_24' title='bbox 360 916 499 997; x_wconf 86' lang='lat' dir='ltr'><strong>epistula</strong></span> <span class='ocrx_word' id='word_1_25' title='bbox 506 915 663 979; x_wconf 89' lang='lat' dir='ltr'><strong>eommuni</strong></span> <span class='ocrx_word' id='word_1_26' title='bbox 675 917 833 996; x_wconf 72' lang='lat' dir='ltr'><strong>legionum</strong></span> <span class='ocrx_word' id='word_1_27' title='bbox 843 919 971 983; x_wconf 89' lang='lat' dir='ltr'><strong>nomine</strong></span> <span class='ocrx_word' id='word_1_28' title='bbox 982 911 1224 988; x_wconf 43' lang='lat' dir='ltr'><strong>exstitertae</strong></span> 
     </span>
     <span class='ocr_line' id='line_1_5' title="bbox 134 1022 1224 1108; baseline 0.013 -23"><span class='ocrx_word' id='word_1_29' title='bbox 134 1024 318 1108; x_wconf 85' lang='lat' dir='ltr'><strong>petentium,</strong></span> <span class='ocrx_word' id='word_1_30' title='bbox 332 1030 369 1086; x_wconf 93' lang='lat' dir='ltr'><strong>ut</strong></span> <span class='ocrx_word' id='word_1_31' title='bbox 382 1022 496 1103; x_wconf 80' lang='lat' dir='ltr'><strong>legatie</strong></span> <span class='ocrx_word' id='word_1_32' title='bbox 509 1023 728 1087; x_wconf 87' lang='lat' dir='ltr'><strong>oonsularibus</strong></span> <span class='ocrx_word' id='word_1_33' title='bbox 741 1024 835 1087; x_wconf 88' lang='lat' dir='ltr'><strong>einrul</strong></span> <span class='ocrx_word' id='word_1_34' title='bbox 850 1044 920 1088; x_wconf 90' lang='lat' dir='ltr'><strong>oum</strong></span> <span class='ocrx_word' id='word_1_35' title='bbox 934 1031 1103 1096; x_wconf 83' lang='lat' dir='ltr'><strong>exsereitu</strong></span> <span class='ocrx_word' id='word_1_36' title='bbox 1112 1023 1224 1098; x_wconf 45' lang='lat' dir='ltr'><strong>ed</strong></span> 
     </span>
     <span class='ocr_line' id='line_1_6' title="bbox 136 1129 1224 1216; baseline 0.007 -23"><span class='ocrx_word' id='word_1_37' title='bbox 136 1129 340 1210; x_wconf 84' lang='lat' dir='ltr'><strong>triumphalia</strong></span> <span class='ocrx_word' id='word_1_38' title='bbox 366 1130 527 1208; x_wconf 85' lang='lat' dir='ltr'><strong>darentur,</strong></span> <span class='ocrx_word' id='word_1_39' title='bbox 555 1150 595 1192; x_wconf 92' lang='lat' dir='ltr'><strong>ne</strong></span> <span class='ocrx_word' id='word_1_40' title='bbox 622 1150 748 1193; x_wconf 81' lang='lat' dir='ltr'><strong>cerream</strong></span> <span class='ocrx_word' id='word_1_41' title='bbox 776 1130 852 1195; x_wconf 86' lang='lat' dir='ltr'><strong>belli</strong></span> <span class='ocrx_word' id='word_1_42' title='bbox 885 1151 1014 1216; x_wconf 84' lang='lat' dir='ltr'><strong>quoquo</strong></span> <span class='ocrx_word' id='word_1_43' title='bbox 1051 1141 1224 1204; x_wconf 56' lang='lat' dir='ltr'><strong>mod,</strong></span> 
     </span>
     <span class='ocr_line' id='line_1_7' title="bbox 135 1236 1224 1325; baseline 0.01 -25"><span class='ocrx_word' id='word_1_44' title='bbox 135 1243 326 1320; x_wconf 78' lang='lat' dir='ltr'><strong>quaererent</strong></span> <span class='ocrx_word' id='word_1_45' title='bbox 370 1236 454 1325; x_wconf 78' lang='lat' dir='ltr'><strong>Aulo</strong></span> <span class='ocrx_word' id='word_1_46' title='bbox 475 1237 601 1300; x_wconf 89' lang='lat' dir='ltr'><strong>Plautio</strong></span> <span class='ocrx_word' id='word_1_47' title='bbox 620 1237 717 1300; x_wconf 89' lang='lat' dir='ltr'><strong>etiam</strong></span> <span class='ocrx_word' id='word_1_48' title='bbox 737 1237 915 1302; x_wconf 87' lang='lat' dir='ltr'><strong>ovationem</strong></span> <span class='ocrx_word' id='word_1_49' title='bbox 933 1240 1084 1308; x_wconf 78' lang='lat' dir='ltr'><strong>deorevit</strong></span> <span class='ocrx_word' id='word_1_50' title='bbox 1103 1246 1137 1310; x_wconf 90' lang='lat' dir='ltr'><strong>in</strong></span> <span class='ocrx_word' id='word_1_51' title='bbox 1184 1265 1224 1285; x_wconf 75' lang='lat'><strong><em>‘</em></strong></span> 
     </span>
     <span class='ocr_line' id='line_1_8' title="bbox 136 1343 1224 1430; baseline 0.011 -25"><span class='ocrx_word' id='word_1_52' title='bbox 136 1363 301 1424; x_wconf 77' lang='lat' dir='ltr'>gressuque</span> <span class='ocrx_word' id='word_1_53' title='bbox 330 1343 437 1406; x_wconf 87' lang='lat' dir='ltr'><strong>urbem</strong></span> <span class='ocrx_word' id='word_1_54' title='bbox 465 1344 590 1406; x_wconf 82' lang='lat' dir='ltr'><strong>obviam</strong></span> <span class='ocrx_word' id='word_1_55' title='bbox 619 1363 811 1425; x_wconf 77' lang='lat' dir='ltr'><strong>progressus,</strong></span> <span class='ocrx_word' id='word_1_56' title='bbox 831 1353 864 1408; x_wconf 91' lang='lat' dir='ltr'><strong>et</strong></span> <span class='ocrx_word' id='word_1_57' title='bbox 890 1346 925 1408; x_wconf 90' lang='lat' dir='ltr'><strong>in</strong></span> <span class='ocrx_word' id='word_1_58' title='bbox 944 1348 1179 1430; x_wconf 70' lang='lat' dir='ltr'><strong>Capitolium</strong></span> <span class='ocrx_word' id='word_1_59' title='bbox 1217 1360 1224 1395; x_wconf 38' lang='grc' dir='ltr'><strong>ι’</strong></span> 
     </span>
     <span class='ocr_line' id='line_1_9' title="bbox 136 1449 1174 1524; baseline 0.012 -14"><span class='ocrx_word' id='word_1_60' title='bbox 136 1451 222 1511; x_wconf 89' lang='lat' dir='ltr'><strong>eunti</strong></span> <span class='ocrx_word' id='word_1_61' title='bbox 250 1456 283 1509; x_wconf 91' lang='lat' dir='ltr'><strong>et</strong></span> <span class='ocrx_word' id='word_1_62' title='bbox 304 1449 383 1524; x_wconf 82' lang='lat' dir='ltr'><strong>¹inde</strong></span> <span class='ocrx_word' id='word_1_63' title='bbox 410 1468 520 1511; x_wconf 89' lang='lat' dir='ltr'><strong>rursus</strong></span> <span class='ocrx_word' id='word_1_64' title='bbox 547 1449 716 1512; x_wconf 86' lang='lat' dir='ltr'><strong>revertenti</strong></span> <span class='ocrx_word' id='word_1_65' title='bbox 743 1449 828 1511; x_wconf 89' lang='lat' dir='ltr'><strong>latus</strong></span> <span class='ocrx_word' id='word_1_66' title='bbox 855 1450 944 1513; x_wconf 75' lang='lat' dir='ltr'><strong>texit</strong></span> <span class='ocrx_word' id='word_1_67' title='bbox 1002 1456 1174 1521; x_wconf 69' lang='lat' dir='ltr'><strong>Gabinio</strong></span> 
     </span>
     <span class='ocr_line' id='line_1_10' title="bbox 138 1552 1151 1637; baseline 0.009 -21"><span class='ocrx_word' id='word_1_68' title='bbox 138 1553 288 1629; x_wconf 87' lang='lat' dir='ltr'><strong>Secundo,</strong></span> <span class='ocrx_word' id='word_1_69' title='bbox 303 1552 439 1616; x_wconf 83' lang='lat' dir='ltr'><strong>Ohauoie</strong></span> <span class='ocrx_word' id='word_1_70' title='bbox 460 1560 554 1632; x_wconf 81' lang='lat' dir='ltr'><strong>gente</strong></span> <span class='ocrx_word' id='word_1_71' title='bbox 576 1552 764 1616; x_wconf 76' lang='lat' dir='ltr'><strong>Germanica</strong></span> <span class='ocrx_word' id='word_1_72' title='bbox 782 1555 947 1634; x_wconf 86' lang='lat' dir='ltr'><strong>superatis,</strong></span> <span class='ocrx_word' id='word_1_73' title='bbox 967 1575 1151 1637; x_wconf 78' lang='lat' dir='ltr'><strong>oognorusn</strong></span> 
     </span>
     <span class='ocr_line' id='line_1_11' title="bbox 137 1652 1224 1737; baseline 0.006 -17"><span class='ocrx_word' id='word_1_74' title='bbox 137 1658 293 1720; x_wconf 85' lang='lat' dir='ltr'><strong>Chauoius</strong></span> <span class='ocrx_word' id='word_1_75' title='bbox 307 1677 459 1737; x_wconf 88' lang='lat' dir='ltr'><strong>usurpare</strong></span> <span class='ocrx_word' id='word_1_76' title='bbox 473 1658 638 1720; x_wconf 79' lang='lat' dir='ltr'><strong>oonoeseit</strong></span> <span class='ocrx_word' id='word_1_77' title='bbox 1161 1652 1224 1727; x_wconf 58' lang='grc' dir='ltr'><strong>θ’</strong></span> 
     </span>
    </p>

    <p class='ocr_par' dir='ltr' id='par_1_3' title="bbox 88 1760 1224 3605">
     <span class='ocr_line' id='line_1_12' title="bbox 88 1760 1141 1846; baseline 0.011 -26"><span class='ocrx_word' id='word_1_78' title='bbox 88 1780 123 1829; x_wconf 80' lang='lat'><strong>25</strong></span> <span class='ocrx_word' id='word_1_79' title='bbox 177 1761 342 1839; x_wconf 88' lang='lat' dir='ltr'><strong>Equestris</strong></span> <span class='ocrx_word' id='word_1_80' title='bbox 357 1761 489 1823; x_wconf 87' lang='lat' dir='ltr'><strong>militias</strong></span> <span class='ocrx_word' id='word_1_81' title='bbox 504 1761 551 1823; x_wconf 86' lang='lat' dir='ltr'><strong>ita</strong></span> <span class='ocrx_word' id='word_1_82' title='bbox 564 1760 733 1840; x_wconf 83' lang='lat' dir='ltr'><strong>ordinavit,</strong></span> <span class='ocrx_word' id='word_1_83' title='bbox 743 1770 780 1824; x_wconf 93' lang='lat' dir='ltr'><strong>ut</strong></span> <span class='ocrx_word' id='word_1_84' title='bbox 790 1769 862 1843; x_wconf 88' lang='lat' dir='ltr'><strong>post</strong></span> <span class='ocrx_word' id='word_1_85' title='bbox 871 1764 1032 1829; x_wconf 81' lang='lat' dir='ltr'><strong>eohortem</strong></span> <span class='ocrx_word' id='word_1_86' title='bbox 1047 1768 1141 1846; x_wconf 79' lang='lat' dir='ltr'><strong>alan,</strong></span> 
     </span>
     <span class='ocr_line' id='line_1_13' title="bbox 138 1865 1141 1958; baseline 0.009 -31"><span class='ocrx_word' id='word_1_87' title='bbox 138 1875 208 1945; x_wconf 89' lang='lat' dir='ltr'><strong>post</strong></span> <span class='ocrx_word' id='word_1_88' title='bbox 222 1865 303 1927; x_wconf 88' lang='lat' dir='ltr'><strong>alarn</strong></span> <span class='ocrx_word' id='word_1_89' title='bbox 318 1866 515 1953; x_wconf 86' lang='lat' dir='ltr'><strong>tribunatum</strong></span> <span class='ocrx_word' id='word_1_90' title='bbox 530 1865 663 1944; x_wconf 80' lang='lat' dir='ltr'><strong>legionis</strong></span> <span class='ocrx_word' id='word_1_91' title='bbox 677 1868 783 1945; x_wconf 83' lang='lat' dir='ltr'><strong>daret;</strong></span> <span class='ocrx_word' id='word_1_92' title='bbox 807 1867 1030 1958; x_wconf 58' lang='lat' dir='ltr'><strong>stipendiaque</strong></span> <span class='ocrx_word' id='word_1_93' title='bbox 1053 1872 1141 1936; x_wconf 86' lang='lat' dir='ltr'><strong>insti·</strong></span> 
     </span>
     <span class='ocr_line' id='line_1_14' title="bbox 138 1969 915 2052; baseline 0.006 -22"><span class='ocrx_word' id='word_1_94' title='bbox 138 1972 200 2031; x_wconf 89' lang='lat' dir='ltr'><strong>tuit</strong></span> <span class='ocrx_word' id='word_1_95' title='bbox 211 1979 243 2032; x_wconf 93' lang='lat' dir='ltr'><strong>et</strong></span> <span class='ocrx_word' id='word_1_96' title='bbox 254 1969 459 2048; x_wconf 75' lang='lat' dir='ltr'><strong>imaginariae</strong></span> <span class='ocrx_word' id='word_1_97' title='bbox 470 1970 604 2034; x_wconf 89' lang='lat' dir='ltr'><strong>militiae</strong></span> <span class='ocrx_word' id='word_1_98' title='bbox 615 1991 724 2051; x_wconf 80' lang='lat' dir='ltr'><strong>genus,</strong></span> <span class='ocrx_word' id='word_1_99' title='bbox 733 1973 817 2052; x_wconf 87' lang='lat' dir='ltr'><strong>quod</strong></span> <span class='ocrx_word' id='word_1_100' title='bbox 828 1992 915 2035; x_wconf 68' lang='lat' dir='ltr'><strong>vora</strong></span> 
     </span>
     <span class='ocr_line' id='line_1_15' title="bbox 139 2054 1085 2180; baseline 0.006 -46"><span class='ocrx_word' id='word_1_101' title='bbox 139 2085 189 2135; x_wconf 90' lang='lat' dir='ltr'><strong>tur</strong></span> <span class='ocrx_word' id='word_1_102' title='bbox 213 2096 308 2152; x_wconf 83' lang='lat' dir='ltr'><strong>supro</strong></span> <span class='ocrx_word' id='word_1_103' title='bbox 328 2095 497 2152; x_wconf 73' lang='lat' dir='ltr'><strong>eremorum,</strong></span> <span class='ocrx_word' id='word_1_104' title='bbox 519 2094 582 2155; x_wconf 91' lang='lat' dir='ltr'><strong>quo</strong></span> <span class='ocrx_word' id='word_1_105' title='bbox 601 2076 747 2139; x_wconf 84' lang='lat' dir='ltr'><strong>absentee</strong></span> <span class='ocrx_word' id='word_1_106' title='bbox 767 2083 800 2139; x_wconf 87' lang='lat' dir='ltr'><strong>et</strong></span> <span class='ocrx_word' id='word_1_107' title='bbox 819 2077 915 2140; x_wconf 89' lang='lat' dir='ltr'><strong>titulo</strong></span> <span class='ocrx_word' id='word_1_108' title='bbox 964 2054 1085 2180; x_wconf 49' lang='lat' dir='ltr'><em>m</em></span> 
     </span>
     <span class='ocr_line' id='line_1_16' title="bbox 139 2180 1184 2256; baseline 0.007 -17"><span class='ocrx_word' id='word_1_109' title='bbox 139 2186 230 2240; x_wconf 88' lang='lat' dir='ltr'><strong>tenus</strong></span> <span class='ocrx_word' id='word_1_110' title='bbox 240 2180 456 2256; x_wconf 80' lang='lat' dir='ltr'><strong>fungerentur.</strong></span> <span class='ocrx_word' id='word_1_111' title='bbox 491 2180 731 2243; x_wconf 88' lang='lat' dir='ltr'><strong>Militesdomoe</strong></span> <span class='ocrx_word' id='word_1_112' title='bbox 743 2180 915 2244; x_wconf 83' lang='lat' dir='ltr'><strong>senatorias</strong></span> <span class='ocrx_word' id='word_1_113' title='bbox 1157 2204 1184 2253; x_wconf 79' lang='lat' dir='ltr'><strong>rs</strong></span> 
     </span>
     <span class='ocr_line' id='line_1_17' title="bbox 139 2284 1140 2368; baseline 0.004 -22"><span class='ocrx_word' id='word_1_114' title='bbox 139 2285 298 2347; x_wconf 88' lang='lat' dir='ltr'><strong>salutandi</strong></span> <span class='ocrx_word' id='word_1_115' title='bbox 312 2303 405 2347; x_wconf 87' lang='lat' dir='ltr'><strong>eausa</strong></span> <span class='ocrx_word' id='word_1_116' title='bbox 419 2284 543 2364; x_wconf 78' lang='lat' dir='ltr'><strong>ingredi</strong></span> <span class='ocrx_word' id='word_1_117' title='bbox 562 2286 658 2348; x_wconf 91' lang='lat' dir='ltr'><strong>etiam</strong></span> <span class='ocrx_word' id='word_1_118' title='bbox 679 2293 804 2367; x_wconf 85' lang='lat' dir='ltr'><strong>patrum</strong></span> <span class='ocrx_word' id='word_1_119' title='bbox 824 2287 948 2349; x_wconf 85' lang='lat' dir='ltr'><strong>deoreto</strong></span> <span class='ocrx_word' id='word_1_120' title='bbox 968 2287 1140 2368; x_wconf 83' lang='lat' dir='ltr'><strong>probibuit</strong></span> 
     </span>
     <span class='ocr_line' id='line_1_18' title="bbox 140 2382 1143 2473; baseline 0.003 -22"><span class='ocrx_word' id='word_1_121' title='bbox 140 2391 327 2467; x_wconf 88' lang='lat' dir='ltr'><strong>Libertinos,</strong></span> <span class='ocrx_word' id='word_1_122' title='bbox 341 2389 395 2470; x_wconf 92' lang='lat' dir='ltr'><strong>qui</strong></span> <span class='ocrx_word' id='word_1_123' title='bbox 418 2409 453 2453; x_wconf 95' lang='lat' dir='ltr'><strong>se</strong></span> <span class='ocrx_word' id='word_1_124' title='bbox 472 2409 530 2471; x_wconf 89' lang='lat' dir='ltr'><strong>pro</strong></span> <span class='ocrx_word' id='word_1_125' title='bbox 549 2382 709 2471; x_wconf 88' lang='lat' dir='ltr'><strong>equitibus</strong></span> <span class='ocrx_word' id='word_1_126' title='bbox 723 2391 875 2455; x_wconf 83' lang='lat' dir='ltr'><strong>Romania</strong></span> <span class='ocrx_word' id='word_1_127' title='bbox 889 2398 1027 2472; x_wconf 78' lang='lat' dir='ltr'><strong>agerent,</strong></span> <span class='ocrx_word' id='word_1_128' title='bbox 1040 2393 1143 2473; x_wconf 89' lang='lat' dir='ltr'><strong>publi·</strong></span> 
     </span>
     <span class='ocr_line' id='line_1_19' title="bbox 139 2482 1143 2577; baseline 0.004 -21"><span class='ocrx_word' id='word_1_129' title='bbox 139 2496 230 2556; x_wconf 81' lang='lat' dir='ltr'><strong>eavit</strong></span> <span class='ocrx_word' id='word_1_130' title='bbox 273 2495 420 2573; x_wconf 81' lang='lat' dir='ltr'><strong>Ingratos</strong></span> <span class='ocrx_word' id='word_1_131' title='bbox 434 2496 519 2557; x_wconf 91' lang='lat' dir='ltr'><strong>etde</strong></span> <span class='ocrx_word' id='word_1_132' title='bbox 534 2495 648 2574; x_wconf 89' lang='lat' dir='ltr'><strong>quibua</strong></span> <span class='ocrx_word' id='word_1_133' title='bbox 663 2497 787 2576; x_wconf 91' lang='lat' dir='ltr'><strong>patroni</strong></span> <span class='ocrx_word' id='word_1_134' title='bbox 802 2482 1006 2577; x_wconf 83' lang='lat' dir='ltr'><strong>qrrererentur</strong></span> <span class='ocrx_word' id='word_1_135' title='bbox 1019 2515 1143 2560; x_wconf 81' lang='lat' dir='ltr'><strong>revoea·</strong></span> 
     </span>
     <span class='ocr_line' id='line_1_20' title="bbox 139 2600 1143 2682; baseline 0.007 -23"><span class='ocrx_word' id='word_1_136' title='bbox 139 2600 188 2660; x_wconf 82' lang='lat' dir='ltr'><strong>vit</strong></span> <span class='ocrx_word' id='word_1_137' title='bbox 201 2600 234 2661; x_wconf 91' lang='lat' dir='ltr'><strong>in</strong></span> <span class='ocrx_word' id='word_1_138' title='bbox 248 2600 432 2663; x_wconf 84' lang='lat' dir='ltr'><strong>servitutem</strong></span> <span class='ocrx_word' id='word_1_139' title='bbox 448 2601 672 2682; x_wconf 80' lang='lat' dir='ltr'><strong>advocatisque</strong></span> <span class='ocrx_word' id='word_1_140' title='bbox 682 2621 788 2664; x_wconf 87' lang='lat' dir='ltr'><strong>eorum</strong></span> <span class='ocrx_word' id='word_1_141' title='bbox 800 2601 935 2680; x_wconf 79' lang='lat' dir='ltr'><strong>negavit,</strong></span> <span class='ocrx_word' id='word_1_142' title='bbox 946 2620 980 2664; x_wconf 90' lang='lat' dir='ltr'><strong>se</strong></span> <span class='ocrx_word' id='word_1_143' title='bbox 990 2601 1143 2666; x_wconf 80' lang='lat' dir='ltr'><strong>adversus</strong></span> 
     </span>
     <span class='ocr_line' id='line_1_21' title="bbox 139 2705 1194 2790; baseline 0.009 -24"><span class='ocrx_word' id='word_1_144' title='bbox 139 2705 268 2769; x_wconf 88' lang='lat' dir='ltr'><strong>libertos</strong></span> <span class='ocrx_word' id='word_1_145' title='bbox 283 2705 419 2786; x_wconf 88' lang='lat' dir='ltr'><strong>ipsorum</strong></span> <span class='ocrx_word' id='word_1_146' title='bbox 443 2705 494 2768; x_wconf 90' lang='lat' dir='ltr'><strong>ius</strong></span> <span class='ocrx_word' id='word_1_147' title='bbox 514 2707 682 2769; x_wconf 84' lang='lat' dir='ltr'><strong>dicturum.</strong></span> <span class='ocrx_word' id='word_1_148' title='bbox 725 2707 803 2770; x_wconf 83' lang='lat' dir='ltr'><strong>Cum</strong></span> <span class='ocrx_word' id='word_1_149' title='bbox 831 2708 960 2788; x_wconf 88' lang='lat' dir='ltr'><strong>quidam</strong></span> <span class='ocrx_word' id='word_1_150' title='bbox 988 2725 1083 2790; x_wconf 74' lang='lat' dir='ltr'><strong>aegra</strong></span> <span class='ocrx_word' id='word_1_151' title='bbox 1108 2715 1143 2772; x_wconf 84' lang='lat' dir='ltr'><strong>et</strong></span> <span class='ocrx_word' id='word_1_152' title='bbox 1158 2728 1194 2777; x_wconf 78' lang='lat' dir='ltr'><strong>ao</strong></span> 
     </span>
     <span class='ocr_line' id='line_1_22' title="bbox 139 2811 1143 2892; baseline 0.004 -21"><span class='ocrx_word' id='word_1_153' title='bbox 139 2811 265 2873; x_wconf 82' lang='lat' dir='ltr'><strong>adfecta</strong></span> <span class='ocrx_word' id='word_1_154' title='bbox 285 2811 443 2890; x_wconf 77' lang='lat' dir='ltr'><strong>mancipia</strong></span> <span class='ocrx_word' id='word_1_155' title='bbox 463 2811 497 2873; x_wconf 91' lang='lat' dir='ltr'><strong>in</strong></span> <span class='ocrx_word' id='word_1_156' title='bbox 517 2811 652 2874; x_wconf 89' lang='lat' dir='ltr'><strong>insulam</strong></span> <span class='ocrx_word' id='word_1_157' title='bbox 668 2811 851 2892; x_wconf 77' lang='lat' dir='ltr'><strong>Aesculapii</strong></span> <span class='ocrx_word' id='word_1_158' title='bbox 872 2812 975 2875; x_wconf 90' lang='lat' dir='ltr'><strong>taedio</strong></span> <span class='ocrx_word' id='word_1_159' title='bbox 994 2813 1143 2875; x_wconf 86' lang='lat' dir='ltr'><strong>medendi</strong></span> 
     </span>
     <span class='ocr_line' id='line_1_23' title="bbox 140 2917 1142 2997; baseline 0.006 -23"><span class='ocrx_word' id='word_1_160' title='bbox 140 2923 338 2994; x_wconf 80' lang='lat' dir='ltr'><strong>exponerent,</strong></span> <span class='ocrx_word' id='word_1_161' title='bbox 357 2936 466 2979; x_wconf 88' lang='lat' dir='ltr'><strong>omnes</strong></span> <span class='ocrx_word' id='word_1_162' title='bbox 484 2917 540 2996; x_wconf 88' lang='lat' dir='ltr'><strong>qui</strong></span> <span class='ocrx_word' id='word_1_163' title='bbox 559 2924 790 2997; x_wconf 74' lang='lat' dir='ltr'><strong>exponerentur</strong></span> <span class='ocrx_word' id='word_1_164' title='bbox 805 2917 920 2980; x_wconf 88' lang='lat' dir='ltr'><strong>liberos</strong></span> <span class='ocrx_word' id='word_1_165' title='bbox 940 2936 1007 2980; x_wconf 90' lang='lat' dir='ltr'><strong>esse</strong></span> <span class='ocrx_word' id='word_1_166' title='bbox 1024 2918 1142 2995; x_wconf 83' lang='lat' dir='ltr'><strong>sanxit,</strong></span> 
     </span>
     <span class='ocr_line' id='line_1_24' title="bbox 139 3019 1224 3101; baseline 0.006 -23"><span class='ocrx_word' id='word_1_167' title='bbox 139 3030 202 3080; x_wconf 61' lang='lat' dir='ltr'><strong>nee*</strong></span> <span class='ocrx_word' id='word_1_168' title='bbox 209 3019 311 3083; x_wconf 89' lang='lat' dir='ltr'><strong>redire</strong></span> <span class='ocrx_word' id='word_1_169' title='bbox 326 3020 360 3081; x_wconf 94' lang='lat' dir='ltr'><strong>in</strong></span> <span class='ocrx_word' id='word_1_170' title='bbox 373 3021 526 3084; x_wconf 74' lang='lat' dir='ltr'><strong>dicionem</strong></span> <span class='ocrx_word' id='word_1_171' title='bbox 542 3022 672 3100; x_wconf 85' lang='lat' dir='ltr'><strong>domini,</strong></span> <span class='ocrx_word' id='word_1_172' title='bbox 688 3022 717 3083; x_wconf 91' lang='lat' dir='ltr'><strong>si</strong></span> <span class='ocrx_word' id='word_1_173' title='bbox 731 3022 979 3100; x_wconf 78' lang='lat' dir='ltr'><strong>oonvaiuissent3</strong></span> <span class='ocrx_word' id='word_1_174' title='bbox 1007 3022 1092 3101; x_wconf 88' lang='lat' dir='ltr'><strong>quod</strong></span> <span class='ocrx_word' id='word_1_175' title='bbox 1113 3023 1142 3085; x_wconf 88' lang='lat' dir='ltr'><strong>ei</strong></span> <span class='ocrx_word' id='word_1_176' title='bbox 1222 3044 1224 3048; x_wconf 92' lang='lat'>·</span> 
     </span>
     <span class='ocr_line' id='line_1_25' title="bbox 140 3125 1142 3207; baseline 0.007 -24"><span class='ocrx_word' id='word_1_177' title='bbox 140 3125 210 3200; x_wconf 91' lang='lat' dir='ltr'><strong>quis</strong></span> <span class='ocrx_word' id='word_1_178' title='bbox 225 3144 335 3187; x_wconf 79' lang='lat' dir='ltr'><strong>necare</strong></span> <span class='ocrx_word' id='word_1_179' title='bbox 355 3144 449 3205; x_wconf 89' lang='lat' dir='ltr'><strong>quem</strong></span> <span class='ocrx_word' id='word_1_180' title='bbox 469 3126 580 3189; x_wconf 84' lang='lat' dir='ltr'><strong>mallet</strong></span> <span class='ocrx_word' id='word_1_181' title='bbox 600 3147 692 3207; x_wconf 90' lang='lat' dir='ltr'><strong>quam</strong></span> <span class='ocrx_word' id='word_1_182' title='bbox 712 3145 874 3207; x_wconf 85' lang='lat' dir='ltr'><strong>exponere,</strong></span> <span class='ocrx_word' id='word_1_183' title='bbox 888 3127 992 3190; x_wconf 78' lang='lat' dir='ltr'><strong>saedis</strong></span> <span class='ocrx_word' id='word_1_184' title='bbox 1009 3127 1142 3190; x_wconf 88' lang='lat' dir='ltr'><strong>erimine</strong></span> 
     </span>
     <span class='ocr_line' id='line_1_26' title="bbox 140 3227 1194 3311; baseline 0.009 -27"><span class='ocrx_word' id='word_1_185' title='bbox 140 3227 248 3287; x_wconf 86' lang='lat' dir='ltr'><strong>teneri.</strong></span> <span class='ocrx_word' id='word_1_186' title='bbox 290 3229 436 3291; x_wconf 88' lang='lat' dir='ltr'><strong>Viatores</strong></span> <span class='ocrx_word' id='word_1_187' title='bbox 455 3250 496 3292; x_wconf 91' lang='lat' dir='ltr'><strong>ne</strong></span> <span class='ocrx_word' id='word_1_188' title='bbox 514 3251 570 3310; x_wconf 89' lang='lat' dir='ltr'><strong>per</strong></span> <span class='ocrx_word' id='word_1_189' title='bbox 585 3230 700 3292; x_wconf 85' lang='lat' dir='ltr'><strong>Italiae</strong></span> <span class='ocrx_word' id='word_1_190' title='bbox 717 3230 834 3311; x_wconf 89' lang='lat' dir='ltr'><strong>oppida</strong></span> <span class='ocrx_word' id='word_1_191' title='bbox 852 3230 912 3291; x_wconf 91' lang='lat' dir='ltr'><strong>nisi</strong></span> <span class='ocrx_word' id='word_1_192' title='bbox 933 3235 990 3291; x_wconf 86' lang='lat' dir='ltr'><strong>aut</strong></span> <span class='ocrx_word' id='word_1_193' title='bbox 1008 3229 1142 3309; x_wconf 88' lang='lat' dir='ltr'><strong>pedibus</strong></span> <span class='ocrx_word' id='word_1_194' title='bbox 1158 3253 1194 3302; x_wconf 69' lang='lat' dir='ltr'>z</span> 
     </span>
     <span class='ocr_line' id='line_1_27' title="bbox 139 3330 1142 3413; baseline 0.009 -23"><span class='ocrx_word' id='word_1_195' title='bbox 139 3338 195 3392; x_wconf 90' lang='lat' dir='ltr'><strong>aut</strong></span> <span class='ocrx_word' id='word_1_196' title='bbox 209 3330 289 3394; x_wconf 87' lang='lat' dir='ltr'><strong>sella</strong></span> <span class='ocrx_word' id='word_1_197' title='bbox 303 3340 360 3395; x_wconf 85' lang='lat' dir='ltr'><strong>aut</strong></span> <span class='ocrx_word' id='word_1_198' title='bbox 378 3333 492 3398; x_wconf 82' lang='lat' dir='ltr'><strong>leetioa</strong></span> <span class='ocrx_word' id='word_1_199' title='bbox 508 3336 689 3413; x_wconf 75' lang='lat' dir='ltr'><strong>transirent,</strong></span> <span class='ocrx_word' id='word_1_200' title='bbox 704 3334 827 3397; x_wconf 89' lang='lat' dir='ltr'><strong>monuit</strong></span> <span class='ocrx_word' id='word_1_201' title='bbox 845 3333 956 3397; x_wconf 81' lang='lat' dir='ltr'><strong>edieto</strong></span> <span class='ocrx_word' id='word_1_202' title='bbox 998 3333 1142 3399; x_wconf 85' lang='lat' dir='ltr'><strong>Puteolis</strong></span> 
     </span>
     <span class='ocr_line' id='line_1_28' title="bbox 140 3435 1142 3517; baseline 0.008 -24"><span class='ocrx_word' id='word_1_203' title='bbox 140 3441 172 3494; x_wconf 89' lang='lat' dir='ltr'><strong>et</strong></span> <span class='ocrx_word' id='word_1_204' title='bbox 198 3435 306 3499; x_wconf 81' lang='lat' dir='ltr'><strong>Ostiae</strong></span> <span class='ocrx_word' id='word_1_205' title='bbox 334 3439 475 3517; x_wconf 79' lang='lat' dir='ltr'><strong>singulas</strong></span> <span class='ocrx_word' id='word_1_206' title='bbox 506 3442 650 3505; x_wconf 83' lang='lat' dir='ltr'><strong>eohortes</strong></span> <span class='ocrx_word' id='word_1_207' title='bbox 677 3442 718 3502; x_wconf 85' lang='lat' dir='ltr'><strong>ad</strong></span> <span class='ocrx_word' id='word_1_208' title='bbox 744 3440 894 3502; x_wconf 89' lang='lat' dir='ltr'><strong>aroendos</strong></span> <span class='ocrx_word' id='word_1_209' title='bbox 926 3438 1142 3502; x_wconf 86' lang='lat' dir='ltr'><strong>ineendiorum</strong></span> 
     </span>
     <span class='ocr_line' id='line_1_29' title="bbox 140 3540 420 3605; baseline 0.025 -7"><span class='ocrx_word' id='word_1_210' title='bbox 140 3554 230 3599; x_wconf 83' lang='lat' dir='ltr'><strong>casus</strong></span> <span class='ocrx_word' id='word_1_211' title='bbox 243 3540 420 3605; x_wconf 79' lang='lat' dir='ltr'><strong>eolloearit</strong></span> 
     </span>
    </p>

    <p class='ocr_par' dir='ltr' id='par_1_4' title="bbox 139 3643 1191 4045">
     <span class='ocr_line' id='line_1_30' title="bbox 180 3643 1144 3737; baseline 0.006 -33"><span class='ocrx_word' id='word_1_212' title='bbox 180 3643 367 3725; x_wconf 78' lang='lat' dir='ltr'><strong>Peregrinae</strong></span> <span class='ocrx_word' id='word_1_213' title='bbox 394 3649 588 3714; x_wconf 87' lang='lat' dir='ltr'><strong>oondioionis</strong></span> <span class='ocrx_word' id='word_1_214' title='bbox 615 3650 758 3737; x_wconf 83' lang='lat' dir='ltr'><strong>hominos</strong></span> <span class='ocrx_word' id='word_1_215' title='bbox 778 3649 881 3713; x_wconf 80' lang='lat' dir='ltr'><strong>vetuit</strong></span> <span class='ocrx_word' id='word_1_216' title='bbox 909 3666 1058 3730; x_wconf 85' lang='lat' dir='ltr'><strong>usurpare</strong></span> <span class='ocrx_word' id='word_1_217' title='bbox 1081 3647 1144 3710; x_wconf 78' lang='lat' dir='ltr'><strong>Ro</strong></span> 
     </span>
     <span class='ocr_line' id='line_1_31' title="bbox 141 3751 1191 3835; baseline 0.012 -29"><span class='ocrx_word' id='word_1_218' title='bbox 141 3765 233 3809; x_wconf 90' lang='lat' dir='ltr'><strong>mana</strong></span> <span class='ocrx_word' id='word_1_219' title='bbox 245 3751 374 3814; x_wconf 89' lang='lat' dir='ltr'><strong>nomina</strong></span> <span class='ocrx_word' id='word_1_220' title='bbox 386 3753 554 3818; x_wconf 84' lang='lat' dir='ltr'><strong>dumtaxat</strong></span> <span class='ocrx_word' id='word_1_221' title='bbox 568 3754 738 3835; x_wconf 77' lang='lat' dir='ltr'><strong>gentilioia.</strong></span> <span class='ocrx_word' id='word_1_222' title='bbox 781 3754 950 3818; x_wconf 79' lang='lat' dir='ltr'><strong>Civitatem</strong></span> <span class='ocrx_word' id='word_1_223' title='bbox 966 3755 1141 3816; x_wconf 81' lang='lat' dir='ltr'><strong>Romanam</strong></span> <span class='ocrx_word' id='word_1_224' title='bbox 1158 3771 1191 3819; x_wconf 72' lang='grc' dir='ltr'><strong><em>ω</em></strong></span> 
     </span>
     <span class='ocr_line' id='line_1_32' title="bbox 139 3856 1143 3939; baseline 0.012 -30"><span class='ocrx_word' id='word_1_225' title='bbox 139 3861 328 3932; x_wconf 84' lang='lat' dir='ltr'><strong>usurpantes</strong></span> <span class='ocrx_word' id='word_1_226' title='bbox 342 3856 375 3918; x_wconf 89' lang='lat' dir='ltr'><strong>in</strong></span> <span class='ocrx_word' id='word_1_227' title='bbox 389 3875 501 3939; x_wconf 88' lang='lat' dir='ltr'><strong>eampo</strong></span> <span class='ocrx_word' id='word_1_228' title='bbox 510 3859 678 3939; x_wconf 77' lang='lat' dir='ltr'><strong>Esquilino</strong></span> <span class='ocrx_word' id='word_1_229' title='bbox 691 3859 793 3922; x_wconf 89' lang='lat' dir='ltr'><strong>seouri</strong></span> <span class='ocrx_word' id='word_1_230' title='bbox 808 3857 970 3939; x_wconf 80' lang='lat' dir='ltr'><strong>pereussit</strong></span> <span class='ocrx_word' id='word_1_231' title='bbox 1012 3858 1143 3922; x_wconf 82' lang='lat' dir='ltr'><strong>Provin-</strong></span> 
     </span>
     <span class='ocr_line' id='line_1_33' title="bbox 139 3951 1141 4045; baseline 0.011 -28"><span class='ocrx_word' id='word_1_232' title='bbox 139 3951 204 4017; x_wconf 84' lang='lat' dir='ltr'><strong>oias</strong></span> <span class='ocrx_word' id='word_1_233' title='bbox 228 3957 382 4023; x_wconf 77' lang='lat' dir='ltr'><strong>thaiam</strong></span> <span class='ocrx_word' id='word_1_234' title='bbox 406 3969 440 4024; x_wconf 91' lang='lat' dir='ltr'><strong>et</strong></span> <span class='ocrx_word' id='word_1_235' title='bbox 461 3963 688 4042; x_wconf 82' lang='lat' dir='ltr'><strong>Maeedoniam,</strong></span> <span class='ocrx_word' id='word_1_236' title='bbox 708 3981 788 4045; x_wconf 88' lang='lat' dir='ltr'><strong>quas</strong></span> <span class='ocrx_word' id='word_1_237' title='bbox 809 3962 954 4040; x_wconf 80' lang='lat' dir='ltr'><strong>Tiberius</strong></span> <span class='ocrx_word' id='word_1_238' title='bbox 973 3963 1015 4026; x_wconf 84' lang='lat' dir='ltr'><strong>sd</strong></span> <span class='ocrx_word' id='word_1_239' title='bbox 1033 3982 1141 4028; x_wconf 85' lang='lat' dir='ltr'><strong>euram</strong></span> 
     </span>
    </p>
   </div>
   <div class='ocr_carea' id='block_1_3' title="bbox 0 0 1296 4320">
    <p class='ocr_par' dir='ltr' id='par_1_5' title="bbox 0 0 1296 4320">
     <span class='ocr_line' id='line_1_34' title="bbox 0 0 1296 4320; baseline 0 0"><span class='ocrx_word' id='word_1_240' title='bbox 0 0 1296 4320; x_wconf 95' lang='lat' dir='ltr'><strong> </strong></span> 
     </span>
    </p>
   </div>
  </div>
 </body>
</html>
