2572 4320
431 558 546 611 arnna
568 558 619 612 vr.
668 557 776 612 naso.
1051 548 1122 616 1ss

102 736 252 808 gumano
269 729 444 808 ututur,
462 749 559 811 qum
575 729 662 811 quoe
678 730 775 793 eum
787 712 922 794 'ructes
938 730 1005 795 eur
1023 738 1122 796 anu

102 854 194 915 opere
214 835 392 898 elaboratas
412 837 635 917 perfectaeque
653 854 675 899 s
695 835 828 899 scortis
844 835 1034 914 obiceretur,
1054 837 1123 901 sin·

103 943 192 1019 gulos
220 941 354 1003 subinde
385 941 536 1021 mgitsns,
564 951 722 1004 sommas
751 960 932 1020 quosquam
953 952 1122 1021 muos-

103 1052 215 1108 liorem.
259 1046 322 1126 Sed
337 1046 524 1124 urgentibus
538 1045 612 1109 aliis
628 1065 724 1127 super
736 1045 816 1109 alios
829 1045 963 1123 nuntiis,
978 1047 1121 1111 Romam

103 1152 321 1233 praetrepidus
329 1152 443 1230 rsdiit;
465 1151 641 1233 leviterque
651 1152 744 1214 modo
757 1151 792 1214 in
805 1151 919 1214 itinere
929 1150 1051 1215 frivolo
1065 1173 1121 1216 au·
1135 1173 1152 1221 s
1218 1192 1225 1205 ·

103 1259 201 1338 spicio
215 1263 321 1320 mente
335 1263 483 1336 recreata,
497 1277 570 1320 cnm
587 1263 773 1320 annotasset
791 1255 987 1339 insculptnm
1005 1277 1121 1322 monu-

104 1372 209 1425 mento
220 1363 352 1425 militem
365 1362 494 1427 Gellum
503 1363 546 1426 ab
552 1361 660 1444 equite
673 1363 817 1426 Romano
829 1381 1015 1444 oppressum
1026 1364 1120 1427 trehi

102 1471 251 1548 crinibus,
265 1470 306 1533 ad
322 1488 391 1533 eam
405 1469 542 1551 speciem
556 1468 689 1533 exsiluit
706 1468 823 1550 gsudio
840 1468 1025 1551 caelumque
1041 1471 1121 1536 ado·

103 1580 192 1638 ravit
234 1579 282 1639 Ao
296 1596 336 1639 ne
351 1583 427 1639 tuno
445 1576 574 1655 quidem
592 1583 649 1639 aut
668 1584 780 1638 aenmu
798 1582 855 1638 aut
873 1575 991 1657 populo
1006 1595 1119 1660 coram

102 1683 273 1766 appellatq
291 1681 443 1762 quosdam
466 1700 484 1743 e
504 1681 695 1761 primoribus
716 1680 794 1743 viris
812 1681 941 1744 domum
957 1681 1117 1760 evocavit,
1134 1698 1166 1747 so

102 1795 321 1866 transactaque
342 1785 459 1867 raptim
477 1785 718 1863 consultatione,
732 1785 887 1865 reliquam
904 1784 969 1847 diei
989 1791 1118 1866 partem

102 1913 158 1972 per
172 1911 289 1971 organa
301 1890 489 1973 hydraulica
502 1891 576 1955 novi
590 1897 625 1954 et
637 1891 739 1971 ignoti
752 1891 876 1972 generis
888 1891 1116 1971 circumduxit,

102 2000 332 2078 ostendensque
351 1997 486 2076 singula,
502 1998 541 2060 de
560 1998 682 2060 ratione
700 2016 737 2060 ao
755 1997 941 2060 difficultate
957 1997 1117 2078 cuiusque

102 2107 269 2184 disserens,
295 2109 359 2168 iam
381 2125 414 2167 ss
437 2108 529 2167 etiam
550 2107 747 2183 mutorum
773 2108 879 2167 omnio
901 2107 936 2166 is
960 2105 1116 2168 Mrem

102 2215 265 2286 cffimnouit
285 2215 314 2271 si
330 2229 389 2288 per
411 2211 572 2273 Vindicem
587 2211 683 2271 liceat.
1132 2235 1164 2283 1⁸

64 2329 88 2377 lt
143 2317 312 2392 Postquam
325 2314 440 2375 deinde
450 2313 546 2375 etiam
562 2313 695 2376 Galbam
707 2321 741 2375 et
751 2313 925 2393 Hispanias
938 2313 1115 2376 descivisse

103 2419 258 2494 cognovit,
269 2418 439 2496 conlapsus
453 2416 621 2495 animoque
636 2417 718 2478 male
728 2416 832 2479 tracto
842 2416 898 2478 diu
908 2416 977 2478 sine
986 2435 1062 2477 voce
1077 2424 1128 2503 et·

102 2541 198 2600 prope
227 2521 453 2583 intermortuus
485 2519 592 2598 iacuit,
620 2527 717 2600 utque
747 2520 881 2600 resipiit,

102 2635 189 2687 veste
203 2627 344 2700 discissa,
359 2626 464 2704 capite
478 2625 711 2702 converbersto‚
726 2635 827 2686 ααιιπι
845 2628 882 2686 dc
906 2599 1114 2735 {mamm

101 2752 131 2792 se
150 2731 378 2811 pronuntiavit,
397 2729 638 2810 consolantique
656 2730 832 2820 nutriculas
850 2737 884 2793 et
1129 2751 1162 2800 ι)

100 2838 172 2899 aliis
187 2855 311 2917 quoque
326 2836 387 2899 iam
400 2836 598 2917 principibus
612 2836 733 2900 similia
745 2837 898 2899 accidisse
910 2837 1112 2915 memoranti,

100 2964 130 3002 se
144 2963 215 3004 cero
224 2951 347 3020 praeter
361 2951 471 3004 ceteros
488 2944 631 3002 inaudito
647 2950 674 3003 et
692 2946 844 3021 incoqutto
851 2946 922 3020 poti
935 2941 1110 3023 respondit,

100 3054 152 3123 qui
176 3067 328 3110 summum
341 3040 515 3126 'tmpertom
539 3051 627 3109 otuu
653 3051 810 3109 cottum.
852 3047 920 3110 Neo
943 3065 981 3109 co
1007 3047 1110 3111 sotius

100 3154 266 3231 quicquam
288 3172 327 3214 ex
349 3151 577 3214 cousuetudine
602 3151 696 3214 luxus
720 3159 816 3230 atque
839 3151 979 3214 desidiae
999 3150 1111 3214 omisit

101 3256 149 3314 vel
164 3257 342 3333 imminuit;
365 3257 442 3335 quin
456 3257 563 3335 inuno,
577 3274 647 3323 curn
662 3256 805 3336 prosperi
821 3255 972 3336 quiddam
986 3273 1025 3317 ex
1039 3274 1110 3335 pro-
1125 3271 1160 3320 n

100 3360 213 3420 vinciis
233 3361 415 3423 nuntiatum
437 3367 531 3438 esset,
552 3349 646 3441 super
667 3359 973 3423 abundantissimam
997 3377 1108 3422 cenant

97 3462 250 3525 iocularia
269 3464 304 3525 in
321 3464 509 3527 deiectionis
530 3465 625 3527 duces
644 3464 786 3527 caucina
803 3463 983 3544 lasciueque
1000 3463 1109 3526 modu·

97 3565 164 3628 lata
186 3587 267 3648 quae
296 3568 391 3648 vulgo
415 3576 595 3646 notuerunt,
616 3571 712 3631 etiam
737 3568 945 3648 gesticulatus
972 3575 1038 3648 est3
1069 3586 1107 3631 ao

96 3672 285 3746 spectaculis
300 3673 416 3736 theatri
433 3674 514 3736 clam
529 3675 659 3752 inlatus,
670 3674 795 3737 cuidam
810 3673 954 3737 maenico
966 3673 1106 3754 placenti

96 3775 245 3838 nuntium
258 3776 356 3853 misit,
369 3780 456 3840 obsti
467 3797 537 3840 eum
550 3781 795 3857 compationibus
806 3781 880 3840 suis.
1121 3802 1157 3851 a

65 3884 81 3931 ³
136 3879 236 3941 Initio
257 3881 367 3942 statim
385 3882 553 3958 tumultus,
569 3881 672 3945 multa
690 3888 724 3945 et
741 3882 892 3958 inmania,
911 3900 1107 3950 verumnon

95 3979 298 4044 abhorrentia
308 4001 330 4046 s
342 3989 458 4047 natum
471 4002 529 4046 ma
541 3984 681 4048 creditur
693 3985 889 4048 doctinasuz
910 4003 1106 4048 successores

64 4242 76 4304 l
