2572 4320
432 597 545 651 uraca
567 598 616 651 vn
668 596 776 651 nuo.
1052 586 1124 654 128

102 770 229 831 domum
256 787 277 831 a
301 767 616 849 Palatio·lisquilias
641 786 742 848 usque
770 767 857 846 iecit,
883 768 1125 850 quamprimo

101 877 321 950 transitoriam,
346 892 420 936 mox
444 873 591 935 incendio
614 872 814 953 absumptam
838 891 884 934 ne

102 978 310 1058 stitntamque
334 997 462 1039 aemam
489 977 674 1045 nominavit
717 976 766 1039 De
793 977 882 1038 euius

102 1082 206 1161 spatio
223 1088 319 1161 atque
339 1080 428 1142 cultu
449 1081 610 1144 suffecerit
629 1079 708 1143 haec
726 1079 880 1143 retulisse.

101 1185 302 1249 Vestibulum
320 1186 389 1249 eius
403 1185 477 1264 fuit,
491 1186 526 1248 in
539 1205 603 1266 quo
619 1185 761 1249 colossus
774 1185 865 1248 CXX
878 1185 997 1266 pedum
1013 1193 1154 1252 staoett

100 1291 201 1369 ipsius
214 1289 334 1369 effigi03
355 1295 448 1353 taum
461 1290 587 1366 laxitas,
598 1296 635 1352 ut
648 1290 789 1371 porticus
798 1288 940 1369 triplices
953 1289 1120 1356 miliarias

101 1395 246 1473 haberet;
282 1394 360 1457 item
394 1401 542 1475 stagnum
576 1394 673 1457 maris
706 1394 818 1473 iustas,
844 1393 1120 1478 circumsaeptum

100 1500 252 1564 aedificiis
272 1501 313 1563 ad
334 1500 460 1563 urbium
481 1501 635 1582 speciem
656 1520 732 1564 rura
751 1501 889 1583 insuper,
907 1500 995 1564 arvis
1014 1508 1119 1583 atque

100 1608 216 1669 vinetis
229 1613 263 1669 et
281 1607 407 1688 pascuis
421 1605 575 1686 silvisque
589 1606 686 1683 varia,
700 1625 770 1669 enm
786 1605 993 1668 multitudine
1006 1607 1118 1672 omum

99 1713 222 1790 generis
236 1711 391 1792 pecudum
405 1729 442 1775 ao
456 1710 603 1774 ieramm.
646 1713 686 1775 In
703 1712 817 1774 ceteris
837 1710 980 1792 partibus
994 1718 1119 1776 eunom
1133 1727 1157 1776 u

99 1836 175 1879 auro
199 1818 265 1894 lita,
288 1816 441 1880 distincta
460 1817 593 1897 gemmis
616 1817 831 1898 unionumque
850 1816 979 1880 conubis
1000 1826 1115 1898 eraut3

98 1924 278 1985 cenationes
305 1923 468 2004 laqueatae
496 1923 614 1987 tabulis
649 1922 797 1986 eburneis
829 1911 1045 2003 versatilibus,
1073 1933 1117 1988 ut

63 2071 65 2074 ι
99 2029 199 2106 flores,
213 2028 373 2106 fistulatis,
387 2036 425 2092 ut
438 2037 601 2108 unguenta
614 2031 748 2111 desuper
762 2036 1000 2111 epau-gerentum
1023 2048 1117 2112 prae-

98 2135 192 2215 cipua
209 2136 410 2198 cenationum
428 2136 571 2214 rotunda,
586 2155 668 2216 quae
686 2143 839 2219 perpetuo
854 2136 965 2200 diebus
983 2154 1021 2200 aa
1039 2156 1116 2202 uco-

98 2241 183 2306 tibus
211 2243 280 2306 vice
308 2242 418 2307 mundi
441 2242 721 2324 circumageretur3
749 2243 892 2309 balineae
919 2242 1053 2309 marinis
1075 2254 1115 2309 et
1131 2264 1157 2314 u

98 2349 213 2418 albulis
227 2349 359 2412 fluentes
373 2350 474 2430 aquis.
513 2350 688 2413 Eiusmodi
702 2350 830 2412 domum
843 2368 915 2412 cum
929 2349 1112 2414 absolutam

98 2455 265 2531 dediceret,
277 2455 429 2536 hactenns
443 2455 667 2536 comprobavit,
681 2461 719 2517 nt
731 2475 764 2517 se
776 2455 897 2518 diceret
909 2459 1000 2534 quast
1013 2457 1114 2519 domi·

98 2578 165 2621 nom
178 2563 300 2622 tandem
313 2563 450 2623 dubitans
464 2564 603 2639 coepisse.
1115 2642 1120 2651 .

137 2665 306 2729 Praeterea
327 2666 496 2729 incohabat
519 2666 673 2748 piscinam
696 2687 717 2730 a
734 2667 860 2731 Miseno
880 2666 921 2730 ad
942 2667 1112 2731 Avernum

99 2770 210 2852 lacum,
223 2779 399 2836 contectam
419 2773 654 2853 porticibusque
670 2774 858 2851 conclusam,
872 2793 936 2854 quo
948 2772 1112 2855 quidquid
1127 2790 1157 2839 a]

98 2878 173 2939 totis
188 2878 276 2940 Baiis
292 2877 466 2940 calidarum
485 2898 638 2958 aquarum
657 2875 742 2941 esset
754 2896 880 2941 conver·

97 2987 232 3058 teretur-3
255 2983 371 3044 fossam
386 2984 427 3045 ab
441 2983 570 3045 Averno
584 2983 707 3046 Ostiam
723 3002 831 3063 usque,
842 2989 879 3045 ut

98 3087 230 3151 navibus
250 3096 433 3152 uee'tameu
453 3089 533 3152 mari
552 3088 663 3168 iretur,
677 3088 886 3168 longitudinis
905 3095 1108 3171 parcentum

97 3192 262 3271 sexapnta
276 3193 373 3271 milia,
389 3194 581 3273 latitudinis,
597 3214 662 3276 qua
674 3196 849 3257 contrariae
863 3195 1107 3274 quinqueremes

97 3307 313 3362 commearent
368 3298 508 3372 Quorum
543 3319 672 3381 opernm
707 3298 969 3380 perficiendorum
1002 3299 1109 3378 gratia
1121 3316 1157 3367 Β

98 3403 180 3479 quod
198 3404 314 3483 ubique
332 3413 418 3468 eust
438 3406 600 3468 custodiae
620 3405 654 3466 iu
674 3404 801 3467 Italiam
820 3401 1107 3485 deportantem

907 954 1077 1006 ruem

903 2945 1078 2995 othum

98 3505 213 3567 scelere
225 3508 386 3571 convictos
400 3511 527 3572 nonnisi
542 3510 583 3573 ad
596 3528 676 3591 opus
690 3510 833 3572 damnari
847 3516 1055 3592 praeceperat

135 3609 189 3671 Ad
202 3608 286 3674 huuc
301 3612 529 3695 impendiorum
546 3616 695 3695 furorem,
704 3634 799 3697 super
809 3615 957 3678 fiduciam
968 3614 1105 3695 imperii,

97 3713 191 3774 adanu
206 3733 263 3794 spe
273 3719 411 3796 quadan
425 3720 593 3798 repentina
605 3721 828 3782 immensarum
842 3726 876 3782 et

97 3816 329 3881 reconditarum
348 3839 443 3901 opum
465 3821 621 3902 impulsus
634 3829 684 3886 est
702 3843 742 3887 ex
757 3823 877 3887 indicio
900 3794 1056 3918 w*
1120 3840 1154 3890 a)

96 3920 213 3997 equitis
242 3922 378 3986 Romani
412 3944 470 4005 pro
496 3934 658 4008 comperto
684 3928 874 4008 pollicentis,

95 4020 258 4089 thesauros
272 4027 514 4108 antiquissimae
529 4049 632 4111 garae,
653 4050 733 4114 quos
754 4031 839 4095 Dido
851 4031 961 4111 regina
976 4031 1105 4113 ἠιςίοιιι
