2572 4320
442 545 555 597 omna
577 546 628 598 nn
681 546 862 600 omarum
967 553 976 566 ·
1116 537 1159 606 18

150 715 178 779 si
199 714 277 796 quid
300 714 399 779 subiti
418 715 559 779 muneris
577 715 807 795 iniungendum
827 723 921 796 esset,
938 720 995 799 per
1017 717 1157 803 libellos)

149 823 256 898 daret3
278 821 389 884 addita
404 821 577 884 monitione
593 829 639 900 ut,
654 822 693 885 de
712 842 775 902 quo
788 823 922 904 quisque
941 823 1111 902 dubitaret,
1124 843 1160 888 se

149 945 207 988 neo
227 926 291 988 alio
311 926 484 1007 interprete
500 945 698 1008 quaeumque
718 928 770 990 rel
791 928 893 992 noetis
912 927 990 991 hora
1007 935 1157 992 uteretur.

98 1050 136 1101 le
150 1034 360 1115 Disciplinam
381 1033 531 1097 aeerrime
554 1030 998 1115 exegit'animadsersionnm
1017 1042 1052 1099 et
1074 1035 1160 1115 igno·

151 1141 318 1202 miniarum
334 1140 499 1218 generibus
514 1160 554 1202 ex
571 1140 762 1221 antiquitate
782 1141 935 1224 repetitis,
949 1147 1044 1222 atque
1062 1141 1190 1205 etiamn

150 1244 253 1323 legato
268 1242 412 1324 legionis,
424 1245 509 1323 quod
523 1263 639 1324 paueos
654 1245 772 1307 milites
786 1264 857 1308 oum
872 1246 986 1309 liberto
1000 1266 1058 1310 ano
1070 1254 1160 1310 trans

150 1350 252 1428 ripam
261 1356 411 1410 renatum
420 1347 569 1426 misisset,
580 1349 878 1428 ignominianotato.
909 1349 1045 1428 Proelia,
1054 1369 1161 1432 quam·
1188 1419 1194 1432 ,

149 1452 199 1512 vis
219 1452 385 1512 minimum
405 1451 551 1513 fortunae
567 1453 755 1532 ensibusque
773 1455 979 1534 permitteret,
996 1454 1160 1535 aliquanto
1215 1521 1222 1534 ,

149 1555 348 1618 constantius
362 1554 465 1618 inibat
478 1555 626 1635 quotiens
644 1554 829 1619 lucubrante
842 1577 886 1633 se,
901 1540 1007 1619 subito
1020 1575 1057 1619 ne
1070 1557 1160 1619 nullo

149 1661 353 1740 propellente,
371 1660 532 1722 desideret
552 1659 660 1724 lumen
676 1668 710 1724 et
725 1661 972 1740 extingueretur,
988 1660 1159 1740 oonfldens,
1175 1672 1206 1723 tt

148 1772 185 1825 ut
205 1763 328 1840 aiebat,
342 1770 465 1826 ostento
485 1762 547 1826 sibi
568 1782 589 1826 a
608 1764 780 1826 maioribus
798 1764 866 1827 suis
884 1764 919 1826 in
937 1764 1023 1825 omni
1041 1765 1159 1828 duestn

148 1857 378 1948 expertissimo.
422 1869 484 1931 Sed
505 1887 539 1931 re
558 1888 707 1951 prospere
725 1876 823 1948 gesta
841 1888 904 1932 nou
924 1866 1059 1931 multum
1076 1867 1161 1932 aluit

149 1974 226 2054 quin
244 1993 264 2035 a
282 1975 435 2035 Bruetero
454 1975 588 2054 quodam
609 1969 816 2051 oeeideretur,
827 1973 881 2036 eni
895 1973 980 2035 inter
1000 1973 1160 2054 proximos

149 2080 287 2143 uersanti
311 2087 344 2143 et
365 2079 576 2162 trepidatione
594 2080 718 2152 deteoto
737 2079 904 2156 temnentis
923 2096 1072 2160 expresse
1091 2096 1162 2140 oon·

97 2204 136 2257 nu
150 2188 247 2250 fessio
261 2195 310 2250 est
323 2186 455 2266 cogitati
473 2186 631 2249 facinoris
673 2189 704 2248 Δ
723 2185 895 2250 Germania
910 2185 945 2267 in
964 2185 1074 2248 urbem
1088 2181 1161 2266 poet
1177 2199 1207 2248 re

149 2271 310 2354 biennium
327 2311 487 2372 regressus
504 2292 711 2372 triumphurn,
725 2311 818 2373 quern
837 2291 936 2355 distu-

84 2431 86 2435 ’
149 2397 237 2475 leret,
253 2397 328 2476 egit,
344 2397 608 2477 prosequentibus
621 2398 717 2458 etiam
732 2375 855 2475 legatis,
870 2397 936 2476 qu’·
960 2376 1151 2512 {tymim

148 2503 207 2564 bus
221 2501 428 2580 triumphalia
446 2508 632 2563 ornamenta
651 2501 844 2581 impetrarat
887 2503 935 2565 Ao

117 2607 120 2614 ’
149 2606 237 2688 prius
260 2625 353 2686 quam
383 2605 416 2665 in
442 2603 635 2686 Capitolium
659 2604 809 2680 flecteret,
834 2605 998 2668 deseendit
1022 2626 1039 2668 e
1067 2625 1161 2668 eurrn

150 2730 244 2791 seque
270 2709 463 2792 praesidenti
489 2711 637 2792 petriad
664 2730 768 2790 genna
794 2710 963 2792 summisit
1006 2711 1160 2773 Batonem
1175 2730 1208 2779 a)

149 2817 347 2879 Pannonium
363 2817 483 2892 dueem,
499 2816 681 2894 ingentibus
697 2817 846 2884 donatum
867 2817 1025 2899 praemiis,
1040 2819 1162 2880 Roseu-
1260 2861 1265 2870 -

148 2941 221 2983 nam
243 2921 417 2996 transtulit,
434 2922 569 3000 gratiam
588 2922 738 2998 referens,
755 2921 839 3001 quod
859 2922 1069 3005 sequendam
1088 2941 1161 2983 enm

149 3025 290 3086 exereitus
312 3016 482 3103 iniquitate
504 3023 563 3086 looi
588 3025 831 3087 eiroumoluenm
855 3045 968 3105 passus
988 3032 1073 3089 esset
1092 3045 1162 3088 eva·

149 3129 229 3190 dere
273 3128 447 3190 Prandium
469 3128 584 3190 dehine
605 3129 723 3209 populo
743 3128 832 3190 mille
853 3129 980 3206 mensis,
1001 3136 1035 3192 et
1058 3127 1162 3208 oongi·

148 3232 249 3294 arium
278 3239 420 3294 treeenos
450 3250 596 3294 nummos
630 3232 750 3294 uiritim
785 3233 883 3294 dedit
926 3233 1095 3295 Dedieavit
1129 3241 1162 3296 et
1176 3255 1208 3303 n

148 3336 340 3408 Conoordiae
359 3336 572 3413 sodomitam
593 3336 733 3400 Polluois
747 3344 781 3399 et
800 3336 941 3401 Castoris
961 3355 1019 3401 sno
1039 3334 1162 3398 fratris-

95 3462 133 3514 21
148 3462 210 3523 que
231 3442 366 3520 nomine,
382 3443 421 3531 de
444 3440 610 3505 manubiis
652 3441 701 3506 Ao
718 3461 782 3505 non
801 3441 902 3504 multo
919 3449 1002 3523 post,
1016 3439 1085 3531 lege
1104 3458 1161 3522 per
1218 3454 1220 3458 ·

148 3548 294 3612 eonsules
306 3549 374 3613 lata
391 3556 430 3614 ut
446 3547 626 3631 provincias
640 3567 712 3611 oum
729 3548 874 3628 Augusto
889 3546 1098 3611 communiter
1110 3547 1163 3609 ad·
1201 3554 1206 3567 '

148 3656 344 3721 ministraret
368 3655 527 3737 simulque
552 3674 681 3718 eeusnm
706 3661 823 3735 ageret,
847 3653 975 3718 eondito
1002 3652 1103 3717 lustro
1126 3651 1161 3714 in

148 3762 314 3844 Illyrieum
336 3762 498 3843 proieotns
511 3766 569 3824 est
611 3762 656 3824 Et
672 3765 783 3825 statim
801 3779 842 3823 ex
862 3759 976 3823 itinere
995 3765 1161 3823 mvooatus
1176 3776 1208 3826 tt
1243 3765 1254 3787 “’

149 3865 211 3929 inm
236 3851 363 3948 quidem
387 3866 557 3943 adieetum,
576 3865 632 3929 sed
652 3864 952 3946 tarnen'spirantem
975 3864 1078 3926 adhue
1099 3856 1183 3927 Aa?

149 3978 278 4052 gustum
296 3969 437 4052 repperit
455 3969 581 4050 fuitque
599 3989 664 4033 una
681 3976 802 4033 seoreto
818 3987 875 4050 per
893 3974 997 4032 toturn
1014 3967 1110 4032 diem.
