2572 4320
390 593 503 647 oman
525 593 574 649 ιν..
625 594 656 649 u
681 593 879 651 carneuna
1091 581 1137 651 45

129 775 315 847 temporum,
329 764 453 828 eunetis
466 783 524 827 neo
537 770 654 828 temere
663 764 866 846 opinantibus
877 765 1053 830 reuerentia
1064 765 1136 831 sins

129 893 165 935 ao
179 878 265 932 metu
285 888 459 950 repressam
476 870 584 932 Tiberi
601 870 777 947 saemtiam,
790 890 871 952 quae
891 891 964 935 mox
984 872 1134 952 eruperit

96 985 115 1039 t
130 976 254 1039 Habuit
266 975 301 1036 in
314 972 516 1037 matrimonio
529 973 749 1055 Agrippinam,
758 976 801 1037 lu
811 974 972 1056 Agrippae
985 981 1018 1038 et
1031 974 1135 1039 Iulias

129 1082 238 1156 filiam,
252 1087 285 1141 ot
298 1097 338 1140 ex
351 1096 390 1140 ea
402 1096 517 1139 novem
529 1077 645 1140 liberos
659 1078 753 1140 tulitr
773 1097 907 1158 quorum
931 1156 978 1207 m·
987 1155 1048 1206 'm

931 1192 1167 1281 nemost

128 1189 190 1248 duo
207 1184 347 1247 infantes
366 1181 470 1245 adhue
490 1181 584 1263 rapti,
598 1202 680 1244 unus
701 1181 765 1244 iam
784 1202 908 1264 pueras-

128 1309 201 1352 oens
216 1287 335 1366 insigni
348 1286 536 1363 lmtisitate,
547 1286 636 1348 euius
647 1287 781 1365 effigiem
794 1287 908 1349 habitu

128 1392 295 1473 Cupidinis
314 1391 349 1453 in
366 1391 444 1453 aede
468 1389 666 1471 Capitolinae
690 1390 822 1453 Veneris
844 1390 938 1453 Livia
963 1389 1132 1469 declinavit,

128 1500 292 1575 Augustus
312 1495 347 1556 in
366 1493 511 1556 onbioulo
524 1513 583 1557 suo
595 1494 740 1573 positam,
751 1493 958 1574 quotiensque
978 1494 1133 1572 introiret,
1230 1501 1236 1512 “

63 1616 66 1622 ’
127 1599 386 1676 exosoulabatur;
407 1597 504 1660 oetsri
518 1597 705 1677 superstites
719 1597 802 1678 patri
816 1598 954 1674 fuerunt,
963 1603 1027 1660 tres
1038 1616 1134 1662 sexus

127 1703 284 1780 feminini,
301 1701 489 1783 Agrippina,
508 1701 660 1778 Drusilla,
679 1700 808 1778 Liuilla,
825 1701 975 1764 oontinuo
994 1701 1134 1765 triennio
1150 1714 1182 1765 tt

127 1815 235 1886 natam
251 1806 384 1870 totidem
396 1824 507 1882 mares,
515 1806 603 1868 Nero
612 1813 646 1867 et
655 1806 778 1868 Drusus
788 1812 822 1868 et
831 1806 865 1869 0.
876 1805 999 1870 Caemn
1035 1805 1135 1868 Nero·

126 1938 196 1984 nem
217 1921 250 1984 et
268 1915 407 1983 Drusum
425 1920 554 1982 senatus
573 1911 701 1981 'liberio
717 1911 905 1980 criminante
926 1908 1033 1980 hostes
1053 1909 1134 1978 iudi·

98 2027 112 2090 .’
126 2028 219 2088 eavit

94 2147 113 2200 a
166 2132 200 2194 C.
212 2130 327 2193 Caesar
336 2135 430 2192 natus
440 2135 491 2192 est
500 2126 603 2208 pridie
617 2127 690 2191 Kal.
703 2127 789 2208 Sept.
800 2134 890 2209 patro
900 2128 1043 2191 suoetC.
1052 2128 1133 2190 Pon·
1230 2106 1235 2113 ’

126 2238 190 2299 taio
211 2237 364 2316 Capitone
385 2254 465 2298 ooss.
506 2235 573 2299 Ubi
595 2241 688 2298 natus
711 2234 764 2312 sit,
787 2234 940 2297 incertum
962 2232 1131 2299 diversitas
1148 2250 1180 2300 ιο

126 2341 317 2405 tradentium
338 2340 426 2404 fauit
467 2341 523 2404 On
544 2339 700 2403 Lentulus
721 2340 905 2404 Gaetulieus
929 2381 1118 2432 mm„

125 2448 234 2510 'l'iburi
253 2447 396 2527 genitum
414 2446 535 2524 suribit,
550 2446 675 2509 Plinius
694 2445 856 2510 Secundus
870 2444 904 2508 in
928 2456 1105 2519 neutrumne·

124 2554 281 2628 Treveris,
289 2551 360 2614 vieo
368 2550 569 2614 Ambitaruio
579 2570 676 2632 supra
685 2550 903 2629 Confluentes3
928 2529 1043 2582 “⁰⁸¹''

125 2658 214 2718 addit
231 2656 328 2718 etiam
349 2675 407 2736 pro
427 2663 621 2735 argumento,
640 2675 712 2718 aras
733 2655 777 2718 ibi
797 2654 922 2719 ostendi
941 2654 1127 2735 inseriptasr
1219 2720 1222 2725 ⁴

124 2765 160 2823 ob
188 2762 379 2842 Apsipps'nue
408 2763 613 2840 puerperium.
664 2759 820 2823 Versiouli
852 2761 1028 2840 imperante
1054 2778 1129 2820 mox
1144 2782 1178 2830 ω

124 2886 161 2928 eo
187 2866 344 2945 divulgati
370 2867 455 2947 apud
483 2867 631 2930 hibernas
657 2865 798 2945 legiones
826 2872 1023 2947 procreatum
1049 2863 1130 2927 indi·
1189 2917 1199 2935 ,

124 2980 213 3034 cant:

278 3095 319 3162 In
332 3101 441 3162 eastris
453 3108 552 3176 sotus,
562 3102 678 3178 patriis
690 3102 865 3162 mundastis
874 3100 981 3177 umis,

331 3206 402 3267 Iura
415 3207 566 3285 desipnotr'
573 3207 725 3284 prinnffls
736 3224 823 3268 mnes
836 3212 908 3267 erut

124 3393 192 3471 Ego
209 3388 347 3487 intretis
367 3389 447 3454 Anti
468 3390 589 3455 editum
607 3390 742 3455 invenio.
784 3388 986 3456 Gaetrrlioum
1007 3388 1129 3454 retollit
1144 3403 1177 3455 8

123 3497 249 3560 Plinius
269 3495 361 3579 quasi
385 3498 553 3562 mentitum
576 3517 631 3580 per
652 3497 875 3576 adulationem,
897 3496 997 3570 ut,ad
1018 3495 1128 3560 laudes

123 3601 247 3666 iuvenis
262 3602 452 3683 gloriosique
466 3603 619 3685 principis
637 3603 760 3683 aliquid
776 3603 872 3667 etiam
893 3622 933 3666 ex
951 3604 1029 3666 urbe
1048 3603 1129 3665 Her·

123 3708 186 3770 omli
201 3727 291 3772 soora
304 3715 451 3788 sumeret,
465 3710 662 3792 abusumque
675 3709 843 3773 audentius
857 3707 1028 3787 mendaoio,
1042 3707 1128 3789 quod

124 3821 197 3878 ante
217 3834 335 3879 annum
358 3815 426 3880 iere
447 3822 541 3881 natus
563 3814 751 3880 Germaniae
772 3813 858 3879 illius
880 3814 991 3879 Tiburi
1011 3813 1126 3892 fuerat,

124 3921 301 4003 appellatus
321 3920 443 4004 etipse
463 3922 650 3996 &Caesen
671 3922 711 3985 de
728 3909 818 3986 ouius
840 3919 969 3985 amabili
990 3917 1129 4002 pueritia
1142 3934 1175 3985 u)

125 4027 354 4111 immaturoque
368 4027 459 4092 obitu
470 4046 568 4111 supra
580 4026 728 4092 diximus
770 4025 913 4090 Plinium
927 4025 1033 4108 aguit
1045 4024 1128 4091 ratio
