2572 4320
372 1125 413 1197 (l.
446 1127 658 1197 SUETONI
688 1127 987 1211 TRANQUILLI
1034 1136 1045 1161 ⁸
1120 1147 1123 1152 ’

351 1312 434 1395 Dii
473 1311 623 1395 VITA
665 1311 1008 1398 CAESARUM

571 1506 706 1567 meua
733 1500 797 1568 11L'
975 1502 981 1508 ·

548 1681 807 1749 TIBERIUS.

144 1998 161 2052 1
215 1991 355 2055 Patricia
375 2010 452 2071 gens
472 1992 607 2055 Claudia
627 1993 706 2074 (fuit
728 1993 813 2055 enim
833 2000 867 2056 et
886 1993 951 2057 alia
971 1995 1103 2075 plebeia,
1124 2011 1213 2059 neco

175 2095 320 2177 potentia
333 2097 436 2160 minor
449 2115 507 2159 nec
520 2097 691 2179 dignitate)
706 2103 777 2159 orta
789 2105 839 2160 est
852 2116 891 2159 ex
905 2097 1051 2176 Regillis,
1064 2098 1182 2179 oppido

176 2201 372 2264 Sabinorum.
429 2201 509 2265 Inde
523 2201 658 2265 Romam
674 2221 784 2266 recena
797 2202 955 2265 conditam

175 2326 245 2368 cum
273 2325 389 2385 magua
413 2306 578 2369 clientium
605 2326 702 2371 manu
727 2307 956 2387 commigravit,
981 2277 1167 2402 &mm

175 2417 301 2472 auctore
328 2411 402 2472 Tito
430 2412 524 2473 Tatio
557 2418 702 2474 consorte
728 2411 866 2489 Romuli,
895 2413 955 2489 rel,

173 2515 259 2596 quod
282 2515 384 2594 magis
404 2520 539 2592 constat,
561 2514 643 2576 Atta
660 2513 795 2578 Claudio
815 2515 919 2592 gentis
938 2515 1090 2595 principe,
1109 2522 1182 2596 post
1198 2533 1228 2581 rc

174 2641 263 2701 reges
273 2627 401 2684 exactos
411 2627 502 2683 sexto
512 2622 580 2683 fere
590 2638 689 2699 anno,
709 2627 805 2701 atque
816 2618 850 2681 in
861 2619 1012 2701 patricias
1025 2627 1181 2701 cooptata,

174 2746 283 2802 agrurn
305 2725 436 2805 insuper
455 2731 544 2787 trans
565 2725 719 2787 Anienem
742 2724 912 2788 clientibus
933 2725 1098 2805 locumque
1119 2725 1182 2789 sibi

174 2831 215 2892 ad
231 2831 427 2914 sepulturam
446 2829 505 2893 sub
526 2828 685 2910 Capitolio
703 2830 828 2909 publice
845 2828 976 2910 accepit
1025 2830 1183 2911 Deinceps

87 2975 104 3027 3
123 2955 134 2964 ”
175 2936 362 3016 procedente
381 2942 522 3015 tempore
541 2934 780 3012 duodetriginta
798 2935 990 3012 consulatue,
1009 2936 1183 2999 dictaturae
1258 2963 1262 2971 ·

131 3041 134 3046 '
174 3040 324 3119 quinque,
342 3058 491 3102 censuras
510 3044 641 3119 septem,
659 3039 837 3120 triumphos
848 3039 1183 3117 connumerationes
1199 3051 1231 3101 ιι

175 3143 290 3223 adepta
303 3148 360 3205 est
403 3142 481 3206 (lum
497 3142 754 3222 praenominibus
768 3142 1067 3222 cognominibusque
1086 3144 1183 3205 variis

175 3248 433 3325 distingueretur,
469 3245 548 3308 Luci
583 3265 773 3326 praenomen
807 3266 961 3310 consensu
994 3245 1184 3328 repudiavit,

176 3359 344 3432 postquam
366 3369 384 3412 e
406 3350 528 3413 duobus
552 3350 725 3430 gentilibus
747 3351 900 3432 praeditis
926 3371 965 3414 eo
991 3353 1072 3414 alter
1093 3350 1187 3414 latro·

176 3456 262 3533 cinii,
277 3455 383 3519 caedis
399 3455 480 3519 alter
494 3455 658 3520 conuictus
671 3462 730 3520 est
772 3456 862 3519 Inter
877 3456 1065 3536 cognomine
1079 3462 1184 3519 auteur

176 3568 210 3624 et
236 3560 374 3624 Neronis
401 3561 584 3643 assumpsit,
611 3581 676 3643 quo
702 3561 902 3642 significatur
932 3561 1043 3642 lingua
1068 3560 1187 3625 Sabina
1200 3578 1232 3627 w

177 3664 272 3729 fortis
293 3684 330 3729 ao
351 3673 509 3732 smenuua.
560 3697 563 3703 ·

145 3777 164 3832 Β
218 3772 324 3836 Multa
351 3773 522 3838 multorum
551 3773 754 3839 Claudiorum
782 3772 911 3855 egregia
935 3772 1058 3852 merita,
1072 3770 1189 3834 -multa

165 3879 266 3939 otram
286 3880 393 3946 setius
412 3881 556 3947 admissa
574 3881 609 3945 iu
630 3900 696 3945 rem
714 3881 874 3964 publicam
892 3885 1029 3947 entant
1071 3877 1134 3943 Sed
1150 3883 1197 3942 ut·
