2572 4320
359 523 360 526 ‘
438 545 549 599 urnae
571 547 624 600 m.
673 547 855 631 rmnerus
1105 533 1148 600 41

147 719 250 801 prima
277 736 410 800 vespm
435 722 531 800 atque
563 717 597 781 in
629 718 760 782 multam
791 724 913 782 noctem
946 717 1149 800 pertinaciter

147 827 238 892 luxit
663 862 665 866 ·

96 951 133 1027 77
186 939 290 999 Morte
303 935 372 1001 eius
387 935 434 1000 ita
446 935 583 1001 laetatus
596 943 646 1001 est
660 935 804 1019 populus,
818 941 855 1000 ut
868 934 909 1000 ed
922 933 1058 1018 primum
1071 953 1150 998 nun·

146 1046 226 1108 tium
248 1045 461 1108 discurrentes
486 1064 569 1125 pers,
595 1035 784 1106 libertulu'
773 1066 804 1105 sn
830 1043 981 1105 Tiberim!
1011 1039 1150 1105 elamita·

149 1155 229 1225 rent,
251 1167 324 1229 pars
346 1149 476 1210 Terreni
497 1155 629 1211 matrem
649 1149 785 1230 deosque
813 1149 924 1211 Manes
949 1169 1181 1258 majest

148 1260 284 1332 orarent,
305 1273 345 1316 se
368 1264 487 1318 ewrtue
510 1258 610 1318 edem
637 1257 731 1317 ulum
758 1258 820 1316 sriss'
847 1259 925 1317 inter
949 1269 1150 1334 ιιμιιιιιιιι

149 1365 258 1440 impios
271 1363 387 1438 ἀανοιιι,
401 1359 457 1423 alii
471 1380 587 1424 uncum
600 1369 633 1424 et
646 1361 817 1425 Gemonias
836 1362 925 1424 eade·
949 1347 1078 1396 ΜΨ

149 1466 216 1528 veri
237 1465 443 1543 minarentur,
462 1466 641 1529 exacerbeti
667 1485 761 1548 super
788 1469 969 1529 memoriam
996 1458 1150 1549 pristinae

149 1571 345 1633 crudelitatis
361 1571 458 1633 etium
473 1572 591 1634 recenti
610 1572 783 1634 atrocitate
825 1572 907 1635 Nem
929 1592 998 1635 cum
1021 1579 1148 1636 senatus
1260 1613 1264 1618 ι

149 1675 292 1736 consulto
305 1681 432 1736 cnutum
447 1681 532 1737 esset
544 1682 581 1736 ut
594 1694 695 1755 poena
707 1677 925 1738 damnatorum
939 1676 973 1737 in
993 1676 1148 1738 decimum
1165 1690 1196 1738 ιο

149 1797 272 1857 semper
285 1777 369 1840 diem
383 1777 573 1855 differretur,
588 1779 672 1840 forte
685 1779 802 1840 eccidit
815 1785 852 1840 ut
865 1781 1060 1859 quorundam
1081 1799 1152 1858 sup·
1178 1840 1186 1852 ,

149 1880 237 1960 plicii
251 1880 320 1943 dies
334 1880 362 1944 is
376 1887 468 1959 esset,
482 1900 547 1961 quc
559 1881 739 1944 nuntiatum
756 1881 796 1942 de
816 1881 943 1944 Tiberio
963 1888 1039 1943 erat
1082 1883 1151 1943 Hos

109 1973 114 1986 '
149 1984 350 2065 implorantis
372 1984 533 2046 hominum
558 1985 662 2063 fidem,
683 1985 758 2065 quia
784 1985 913 2048 absente
940 1986 1043 2048 adhuc
1069 1985 1151 2049 Gaio

149 2086 399 2161 ncruocxstubut
419 2085 473 2176 qui
494 2085 575 2155 ullu
597 2085 855 2174 inter1nllcrique
872 2093 986 2174 posset,
996 2089 1151 2169 custodes,

90 2219 93 2221 ’
150 2206 286 2286 nequid
305 2206 457 2269 adversus
477 2203 685 2269 constitutum
706 2202 856 2284 lacerent,
876 2199 1151 2286 strangulaverunt
1167 2210 1198 2264 u

150 2307 391 2387 abieceruntque
407 2308 441 2369 in
456 2307 634 2370 Gemonias
677 2308 787 2371 Crevit
800 2308 897 2385 igitur
918 2309 1047 2387 invidia,
1061 2311 1151 2390 quasi
1220 2364 1228 2378 .

150 2413 246 2473 etiem
257 2417 330 2493 post
343 2418 475 2474 mortem
488 2411 619 2494 tyranni
633 2410 767 2474 saevitis
778 2419 989 2492 permanente
1031 2412 1153 2493 cerpus

151 2524 187 2576 ut
200 2515 319 2577 moveri
332 2516 486 2579 abiisene
500 2517 613 2596 eoepit,
627 2516 894 2581 conclamantibus
908 2517 1154 2598 plerisqueAtel·

151 2623 213 2682 lam
223 2622 325 2698 potiere
338 2622 533 2698 deserendum
547 2629 574 2682 et
590 2624 625 2681 ιἰι
643 2622 862 2699 amphiteatro
882 2624 1151 2697 semiustilatum,
1243 2667 1246 2673 -

152 2727 285 2788 Βοιιιιιιι
295 2744 352 2807 per
364 2724 484 2788 milites
497 2725 697 2806 deportatum
711 2731 768 2803 est,
779 2732 1013 2807 crematumque
1026 2725 1152 2806 publico
1166 2741 1200 2789 s)

151 2834 271 2895 funere.

99 2947 138 3003 'tt
192 2939 429 3000 Testamentum
449 2936 567 3017 duplex
587 2945 662 2999 ente
681 2937 843 3001 biennium
871 2938 998 3015 fecerat,
1018 2938 1152 3001 alterum
1182 2925 1185 2928 ⁴

151 3062 217 3120 sus,
232 3041 379 3106 alterum
388 3040 495 3106 liberti
515 3061 620 3120 manu,
633 3041 691 3104 sed
710 3041 819 3104 eodem
838 3041 992 3124 exemplo,
1011 3040 1154 3122 obsigna

151 3155 302 3229 seratque
329 3149 427 3212 etiam
455 3147 704 3211 humillimorum
732 3146 840 3226 signis.
881 3147 929 3210 Eo
954 3211 1065 3260 mum

70 3287 76 3299 ·
152 3260 342 3317 testamento
354 3254 487 3316 heredes
505 3253 615 3334 aequis
636 3253 778 3334 partibus
800 3252 930 3333 reliquit
1169 3263 1201 3312 m

153 3357 268 3419 Gaium
276 3376 322 3420 ex
336 3359 525 3422 Germanico
537 3365 571 3421 et
583 3358 744 3421 Tiberium
758 3376 799 3420 ex
811 3359 917 3420 Druso
931 3362 1071 3437 nepotes,
1086 3354 1156 3416 sub

152 3463 343 3544 stituitque
334 3485 368 3528 m
382 3465 501 3543 vieem3
521 3465 610 3529 dedit
622 3474 656 3529 et
668 3465 774 3546 legate
792 3463 959 3546 plerisque,
973 3461 1057 3525 inter
1076 3479 1154 3540 qnos

153 3567 329 3648 virginibus
342 3559 535 3647 Vestalibus,
555 3572 611 3633 sed
631 3575 665 3633 et
682 3568 840 3633 militibus
859 3567 1017 3631 universis
1039 3563 1155 3646 plebei·
1197 3654 1201 3662 '

153 3692 215 3752 qne
241 3675 402 3738 Romanae
422 3673 554 3753 viritim,
580 3681 678 3755 atque
703 3673 800 3737 etism
824 3671 994 3755 nemetim
1014 3670 1155 3734 vicorum
1235 3703 1245 3723 .-

154 3776 323 3856 mngistris.
416 3775 439 3807 ·’
1171 3792 1205 3842 s)
