2572 4320
415 40 491 69 ij'w

364 517 478 570 meaa
501 518 535 570 v.
585 516 699 570 arvus
719 515 914 573 cusumrm
1111 510 1155 576 99

140 694 219 755 cum
240 708 297 769 par
317 686 475 767 quoddam
497 686 618 750 mutuis
641 686 758 750 ictibus
780 687 981 767 concidisset,
1002 690 1156 759 omasum

141 794 202 856 sibi
223 791 372 872 parvulos
391 809 432 852 ex
452 797 587 870 utroque
606 790 693 853 ferro
712 790 746 853 in
765 810 858 854 usum
877 792 946 854 fieri
966 792 1039 856 sine
1063 816 1155 862 mera

141 897 243 961 iussit
288 895 454 959 Bestiariis
473 893 717 976 meridianisque
733 896 812 958 adeo
824 895 1052 978 delectabatur,
1059 909 1108 966 ut
1119 910 1155 968 st

141 1005 243 1086 prima
252 1001 374 1065 lucead
385 1001 599 1082 spectaculum
609 1000 814 1065 descenderet
823 1003 1006 1083 etmeridie,
1014 1007 1154 1074 dimisso

141 1112 181 1174 ad
205 1108 372 1191 prandium
397 1105 524 1188 popule,
548 1106 946 1190 persederet-praeterque
969 1110 1183 1187 destinatos.

141 1219 236 1281 etiam
256 1216 320 1281 levi
340 1215 508 1296 subitaque
528 1214 568 1278 de
587 1233 683 1279 causa
699 1215 852 1296 quosdam
871 1217 1096 1300 committeret,
1110 1223 1152 1288 de

142 1325 300 1386 fabrorum
314 1340 439 1404 quoque
452 1341 490 1384 ac
503 1321 720 1385 ministrorum
733 1331 829 1405 atque
842 1323 877 1387 id
890 1344 988 1403 genus
1003 1346 1151 1409 numero,

141 1431 168 1494 si
182 1438 377 1494 automatum
390 1429 440 1495 vel
455 1449 568 1512 pegma
577 1429 628 1493 vel
642 1429 721 1511 quid
734 1430 799 1494 tale
812 1431 899 1494 aliud
913 1451 1026 1513 parum
1039 1435 1153 1501 cessis-

141 1545 197 1601 set.
240 1538 374 1601 induxit
392 1543 426 1600 et
445 1556 545 1599 unum
565 1555 605 1600 ex
624 1537 930 1602 nomenculatoribus
950 1537 1028 1617 auis,
1047 1540 1096 1603 sic
1112 1548 1152 1606 ut

141 1648 208 1704 erat
222 1649 356 1720 togatus
1166 1663 1191 1712 n

90 1766 127 1819 aa
181 1748 243 1810 &d
258 1746 340 1810 nihil
353 1765 453 1829 aeque
463 1764 564 1828 quam·
573 1745 707 1811 timidus
716 1766 753 1810 se
763 1746 909 1811 diffidens
922 1747 995 1810 fuit
1027 1748 1150 1815 Primis

141 1853 265 1936 imperii
279 1853 391 1918 diebus
401 1873 603 1935 quamquam,
614 1861 651 1917 ut
665 1853 814 1934 diximus,
826 1854 958 1918 iactator
968 1854 1150 1937 civilitatis,

140 1982 241 2044 neque
253 1959 400 2025 conaris
413 1959 494 2024 inire
510 1980 606 2025 ausus
623 1968 673 2024 est
686 1960 749 2024 uisi
762 1967 800 2024 ut
815 1981 920 2045 specu·

140 2071 254 2135 latores
268 2088 340 2133 cum
353 2068 472 2134 lanceis
486 2069 725 2134 circumstarent
740 2069 919 2152 militesque
943 2047 1067 2176 w
1076 2051 1128 2101 ¹¹¹

140 2179 207 2239 vice
221 2176 436 2238 ministrorum
452 2178 669 2256 fungerentur,
678 2195 779 2256 neque
792 2196 918 2256 aegrum
1164 2197 1191 2245 ιι

140 2300 327 2360 quemquam
350 2280 495 2343 visitavit
514 2281 577 2343 nisi
599 2281 762 2361 explorato
783 2282 871 2360 prius
891 2280 1034 2344 cubiculo
1054 2283 1149 2345 culci-

140 2386 245 2464 tisque
265 2391 299 2447 st
322 2385 472 2463 stragulis
494 2385 735 2466 praetemptatis
759 2391 792 2447 et
815 2385 964 2448 excussis
1008 2384 1148 2465 Reliquo

140 2495 244 2549 autem
258 2495 399 2568 tempore
410 2488 637 2552 salutatoribus
649 2495 837 2552 scrutatores
852 2507 974 2568 semper
986 2489 1145 2568 apposuit,

141 2600 173 2652 et
195 2591 323 2671 quidem
342 2592 488 2654 omnibus
508 2600 541 2654 et
561 2592 786 2655 acerbissimos.
828 2593 904 2654 Sero
926 2592 1011 2653 cuim
1031 2611 1068 2654 ac
1089 2593 1146 2654 vix

141 2694 272 2772 remisit,
291 2715 330 2757 ne
350 2696 488 2757 feminae
508 2694 759 2775 praetextatique
779 2694 868 2774 pueri
888 2702 921 2758 et
939 2695 1061 2774 puellae
1075 2713 1147 2757 cou-
1161 2716 1191 2764 n

140 2807 358 2877 tractarentur,
379 2806 412 2862 ct
434 2820 473 2861 ne
495 2799 585 2862 cuius
608 2800 714 2861 comiti
735 2806 791 2861 aut
811 2799 939 2861 librario
959 2798 1145 2861 mlamamae

140 2910 196 2962 aut
219 2888 417 2984 graphiariae
444 2902 554 2965 thecae
579 2904 797 2964 adimerentur.
850 2904 938 2963 Motu
960 2901 1048 2962 civili
1071 2920 1143 2962 cum

141 3024 210 3066 erim
235 3008 399 3084 Camillus,
423 3027 486 3070 non
510 3007 661 3070 dubitans
685 3007 781 3068 ctiam
805 3006 886 3068 citra
907 3003 1022 3067 bellum
1051 3023 1144 3083 posse

140 3111 261 3189 terreri,
289 3111 517 3176 contumeliosa
544 3117 577 3174 st
603 3110 718 3174 minaci
746 3115 779 3172 et
805 3108 979 3171 contumaci
1005 3107 1145 3188 epistula

140 3215 249 3279 cedere
270 3217 404 3303 imperio
427 3217 551 3281 iuberet
575 3217 736 3301 vitamque
759 3216 888 3278 otiosam
912 3214 944 3276 in
965 3213 1089 3296 privata
1109 3231 1143 3275 re
1159 3237 1192 3285 n

141 3347 240 3406 agere,
256 3324 424 3409 dubitarit,
441 3326 595 3394 adhibitis
617 3325 812 3411 principibus
829 3322 915 3405 viris,
929 3343 970 3390 an
989 3322 1144 3406 obtempe

90 3442 127 3494 ss
142 3435 231 3491 reret
273 3430 432 3503 Quasdam
446 3432 579 3495 insidias
594 3438 711 3495 tamma
727 3431 849 3493 delatas
863 3430 942 3490 adso
954 3427 1092 3508 expavit,
1106 3434 1144 3489 ut

140 3535 294 3616 deponere
328 3536 494 3619 imperium
529 3537 741 3620 temptaverit
798 3536 948 3613 Quodam,
978 3541 1015 3598 ut
1047 3553 1145 3616 supra
1181 3523 1187 3533 ’

140 3639 260 3718 rettuli,
287 3659 359 3704 cum
386 3642 472 3707 ferro
504 3644 589 3707 circa
617 3642 845 3706 sacrificantem
872 3660 906 3704 ss
940 3639 1141 3720 deprehenso,

140 3730 283 3809 mactum
297 3765 354 3829 per
367 3767 537 3831 praecones
550 3766 682 3831 propere
696 3741 880 3810 convocavit
897 3743 1096 3824 lacrimisque
1109 3749 1143 3805 et
1157 3768 1190 3816 ω

140 3850 366 3916 vociferatione
386 3854 554 3919 miseratus
574 3860 624 3918 est
643 3853 855 3917 wudicioaem
874 3870 972 3930 suam,
989 3848 1041 3915 cui
1060 3847 1141 3912 nihil

140 3953 202 4014 tuti
222 3974 355 4037 usquam
373 3965 468 4036 esset,
481 3977 519 4022 ae
531 3958 588 4021 diu
606 3956 733 4039 publico
749 3955 911 4020 abstinuit
952 3952 1143 4017 Messalinae
