2572 4320
403 609 516 663 nmen
538 608 587 664 ιν.
636 601 667 663 σ.
692 608 889 664 canrcuna
1110 597 1157 668 59

148 783 296 845 devotum
324 781 450 846 assidue
476 781 644 865 proscidit¹
702 782 853 853 Infensua
885 782 995 848 turbae
1028 782 1156 850 terenti

148 890 300 950 advorsus
326 888 467 950 studium
494 907 596 965 suum,
623 888 830 952 exclamarit:
873 891 997 955 minere
1017 893 1157 968 populu

149 995 309 1056 Βοηιαιιιω
321 1012 416 1055 enom
429 996 571 1056 ceruicem
584 995 724 1056 baberet!
746 992 888 1074 Cumque
897 993 1007 1178 ‘l'et'
1007 992 1059 1076 inp
1070 993 1198 1074 [am.

148 1098 674 1179 postularetur,etpeipoetuloreat,
690 1099 950 1163 Tetricioeeaeeei
1014 1099 1154 1165 Ratiarii

147 1204 282 1266 tunicati
302 1204 442 1286 quinque
462 1224 593 1267 numero
612 1205 766 1284 gregatim
787 1204 973 1269 dimicantes
994 1205 1062 1270 sine
1089 1215 1186 1270 cere

148 1311 265 1372 tamine
276 1310 343 1372 ullo
352 1311 486 1373 totidem
497 1310 691 1374 secutoribus
702 1311 946 1391 succubuerant;
967 1313 1153 1376 cumoccidi

148 1416 339 1495 iuberentur,
360 1437 443 1480 unus
470 1424 633 1498 resumpta
659 1416 786 1480 fuscina
813 1436 921 1481 omnes
946 1417 1079 1482 victorae
1107 1418 1155 1482 in-

148 1525 292 1589 teremit:
320 1525 402 1588 hanc
417 1533 453 1587 ut
465 1524 715 1588 crudelissimam
729 1524 855 1588 caedem
867 1523 1153 1591 etdefleritedioto

95 1641 132 1695 tl
147 1641 181 1697 et
194 1652 256 1712 eos,
270 1631 327 1715 qui
346 1640 489 1715 spectare
506 1631 743 1712 sustinuissent,
757 1637 939 1696 exsecratus
956 1638 1014 1696 est
1054 1631 1153 1707 ereri

147 1741 243 1803 etiam
265 1741 371 1822 palam
395 1741 436 1803 de
459 1739 640 1804 conditione
663 1746 841 1821 temporum
866 1758 993 1803 suorum
1019 1736 1153 1819 solebat,
1168 1747 1198 1798 et

146 1848 231 1929 quod
245 1846 343 1910 nullis
352 1845 587 1936 calamitatibus
598 1846 735 1928 publicis
745 1845 974 1924 insignirentur
982 1870 992 1924 3
1012 1844 1153 1927 Augusti

147 1954 357 2036 principatum
380 1953 469 2018 clade
482 1954 630 2034 Variana,
651 1953 759 2018 Tiberi
784 1952 877 2018 ruine
903 1951 1152 2035 spectaculorum

146 2062 232 2142 apud
267 2062 404 2127 Fidenas
440 2062 676 2127 memorabilem
713 2062 842 2141 factum,
873 2081 931 2125 suo
960 2059 1152 2124 oblivionem

147 2167 310 2231 imminere
333 2171 543 2251 prosperitate
566 2191 689 2250 rerrrrn3
715 2176 812 2251 atque
839 2167 1013 2231 identidem
1035 2168 1154 2231 exerci-

147 2279 237 2335 tuum
264 2275 385 2353 caedes,
419 2276 547 2354 famem,
579 2276 803 2358 pestilentiam,
838 2274 993 2353 incendis,
1026 2271 1152 2336 hiatum
1169 2282 1198 2331 tt

146 2378 284 2460 aliquem
298 2388 400 2445 terrae
413 2384 553 2464 optabat

95 2470 134 2553 'er
187 2487 338 2551 Animum
359 2508 484 2571 quoquo
505 2489 681 2554 amicans
702 2488 839 2571 ruamur
859 2494 893 2552 c
911 2485 1016 2570 epure
1041 2484 1154 2549 caure

146 2595 255 2655 eadem
268 2595 424 2658 factorum
435 2597 653 2678 dictorumque
664 2597 797 2660 saevitia
805 2595 923 2660 ederet

147 2699 246 2780 Saepe
259 2700 294 2763 in
307 2708 475 2797 conspectu
494 2702 680 2785 prandentis
694 2702 744 2765 vol
759 2701 925 2765 comissan·
948 2675 1086 2800 w*

147 2807 190 2870 tis
204 2807 304 2870 seriae
318 2809 516 2888 quaestiones
533 2830 589 2891 per
603 2817 759 2873 tormenta
770 2809 924 2873 habeban·
1167 2815 1198 2865 ὓ

68 2938 70 2943 ⁴
147 2918 208 2992 tur,
230 2913 321 2978 miles
345 2913 525 2979 decollandi
550 2916 669 2980 artifex
691 2915 939 2997 quibuscumque
961 2931 979 2976 e
1005 2911 1153 2976 custodia

148 3020 253 3101 capita
275 3022 466 3103 amputabat
509 3023 654 3087 Puteolis
682 3021 880 3086 dedicatione
909 3020 1025 3103 pontis,
1054 3037 1150 3101 quem

147 3126 358 3205 excogitatum
373 3131 414 3192 ab
427 3150 465 3192 eo
478 3130 736 3210 significavimus,
750 3147 821 3190 cum
836 3127 982 3189 multose
998 3125 1091 3187 litore
1104 3122 1152 3185 in·

148 3230 282 3295 vitasset
296 3233 337 3295 ad
355 3240 544 3314 rerepente
562 3232 666 3296 omnis
683 3228 913 3314 praecipitarit,
927 3226 1079 3310 quosdam
1096 3245 1152 3305 gu·

148 3334 316 3399 bernaoula
341 3339 614 3419 apprehendentes
642 3325 746 3401 contis
772 3333 928 3414 remisque
953 3331 1090 3395 detrusit
1114 3329 1149 3392 in
1165 3341 1198 3390 Ι

148 3458 241 3505 mara
258 3447 268 3458 ’”
283 3443 402 3508 Romae
416 3444 543 3527 publico
563 3443 658 3526 epulo
675 3461 799 3506 sermm
818 3440 859 3503 ob
871 3440 1044 3502 detractem
1058 3433 1151 3498 lectis

149 3556 326 3626 argenteam
340 3550 492 3616 laminam
506 3549 645 3615 carnifici
659 3548 828 3613 confestim
848 3543 990 3622 tradidit,
1004 3549 1043 3608 ut
1055 3540 1153 3606 mani·

150 3651 208 3717 bue
226 3656 360 3722 abscisis
374 3665 470 3740 atque
483 3663 558 3722 ante
575 3661 685 3739 peetus
702 3673 720 3718 e
739 3653 821 3718 collo
833 3651 1052 3735 pendentibus,
1066 3667 1153 3731 pree·

114 3835 116 3839 ¹
150 3761 279 3827 cedente
297 3765 395 3829 titulo
417 3766 473 3848 qui
497 3783 624 3829 causam
643 3781 761 3846 poenae
782 3760 945 3838 indiceret,
967 3777 1025 3841 per
1044 3761 1152 3821 coetus

150 3862 344 3945 epulantium
355 3871 649 3934 circumduceretur.
691 3867 925 3931 Murmillonem
938 3883 957 3928 e
970 3864 1056 3941 ludo,
1069 3861 1154 3925 rudi·
1167 3875 1198 3925 n

146 3967 208 4036 bns
217 3993 325 4040 secum
341 3975 538 4043 battuentem
547 3981 581 4041 et
593 3980 707 4058 sponte
720 3977 922 4056 prostratum,
935 3968 1081 4034 confodit
1093 3967 1155 4031 ier·

124 4081 416 4155 reeer'oseomore
428 4086 590 4154 victorum
601 4075 996 4164 cumpumau'ireoourau
1022 4074 1156 4136 admota
