2572 4320
366 582 369 588 ·
437 576 547 630 unsa
570 577 621 631 ιιι
673 543 854 634 rmsarua
1105 569 1151 636 89

146 747 277 809 tibicine
291 746 492 827 supplioavit,
506 753 543 809 nt
555 747 611 809 ille
624 748 701 810 olim
715 750 748 810 in
764 757 863 812 morte
876 749 944 814 filii.
1001 752 1151 816 Sermone

96 866 132 918 τι
148 854 267 914 Greeoo
281 868 471 931 quamquam
485 849 605 930 alioqui
615 858 779 933 promptus
793 860 826 915 et
840 854 954 933 laoilia,
964 873 1027 917 non
1041 863 1150 922 tamen
1248 840 1253 850 ’

147 975 372 1037 usquequaque
386 975 462 1020 usus
478 963 537 1036 est,
549 956 765 1037 abstinuitque
786 958 922 1021 maxime
1105 1029 1109 1037 ‚

147 1063 180 1121 in
195 1070 323 1138 senatu3
351 1061 431 1124 adeo
443 1061 581 1141 quidem,
595 1067 633 1123 ut
646 1062 859 1144 monopolium
873 1082 925 1126 no·
960 1040 1114 1178 mh

147 1167 323 1231 minaturus
332 1167 457 1230 veniam
470 1167 560 1249 prins
573 1167 757 1248 postularet,
766 1167 850 1248 qnod
864 1168 926 1232 sibi
1164 1189 1183 1238 s

147 1275 242 1336 verbo
255 1275 421 1354 peregrino
432 1274 700 1352 utendum‘eeset3
725 1280 821 1354 atque
835 1274 930 1337 etiam
944 1293 1015 1337 uum
1029 1274 1063 1337 in
1077 1295 1152 1356 qno·

147 1379 220 1441 dam
240 1379 365 1442 decreto
376 1365 511 1462 'patrum
532 1382 670 1461 bssslpuu
689 1379 883 1458 recitaretur,
896 1381 1149 1444 eommutandam

146 1484 270 1547 censuit
290 1503 406 1563 roosm,
420 1489 454 1548 et
475 1503 531 1566 pro
551 1484 717 1566 peregrina
736 1492 908 1548 nostratem
929 1486 1149 1566 requirendam

76 1674 78 1679 Ι
146 1597 202 1666 aut
216 1591 241 1652 si
256 1610 319 1652 non
340 1590 539 1671 reperiretur,
553 1589 604 1652 rel
625 1589 769 1671 pluribus
789 1596 822 1652 et
842 1609 898 1671 per
917 1591 1069 1654 ambitum
1083 1610 1151 1655 rer-

146 1696 256 1758 borum
270 1716 336 1788 rem
350 1695 585 1759 enuntiandam.
627 1695 766 1774 Militem
782 1714 916 1777 quoque,
931 1697 1049 1760 Graues
1063 1697 1151 1760 testi·
1166 1713 1196 1761 to

147 1802 288 1863 monium
302 1801 539 1879 interrogatum,
553 1799 617 1863 nisi
631 1801 746 1864 Latine
761 1800 948 1881 respondere
964 1802 1075 1865 vetuit

95 1917 133 1969 tt
188 1907 243 1969 Bis
254 1906 382 1968 omnino
389 1913 458 1969 toto
465 1925 608 1970 neeessus
616 1912 756 1988 tempore
766 1906 898 1968 Βοιιιιιιι
909 1906 1011 1970 redire
1019 1914 1150 1972 oonatue
1176 1894 1179 1901 ’

89 2078 93 2089 ,
152 2012 262 2091 (semel
291 2011 414 2074 triremi
440 2012 602 2092 usquead
623 2010 783 2092 proximos
811 2011 1014 2074 nauruaehiae
1041 2011 1150 2076 hortos

148 2115 487 2197 subvectus,disposita
494 2116 631 2178 statione
639 2134 695 2196 per
705 2116 1017 2197 ripasTiberis,quae
1024 2117 1149 2180 obviam

147 2221 332 2299 prodeuntia
345 2221 554 2299 submoveret,
568 2221 684 2282 iterum
695 2220 803 2301 Appia
812 2240 912 2301 usque
925 2222 967 2283 ad
981 2221 1150 2302 septimum
1167 2237 1197 2305 tp

147 2324 299 2406 lapidem)
315 2316 371 2401 sed
391 2325 566 2404 prospectis
586 2326 678 2386 modo
698 2318 871 2387 neo'aditis
884 2325 973 2388 urbis
987 2327 1151 2390 moenibus
1175 2318 1176 2322 ¹
1265 2328 1270 2338 “

148 2416 257 2506 redii't'3
272 2429 375 2508 primo
388 2418 543 2491 insertum
553 2449 617 2511 qua
629 2431 669 2491 de
683 2448 786 2505 eausa,
801 2436 912 2510 postea
925 2435 1050 2492 ostento
1063 2431 1152 2492 terri·
1186 2428 1191 2438 '

147 2540 207 2594 tus.
250 2517 329 2595 Erat
337 2533 368 2596 ei
377 2533 410 2594 in
422 2534 660 2596 oblectamentis
671 2553 800 2613 serpens
810 2534 913 2610 draeo,
924 2552 1018 2612 quem
1030 2553 1070 2596 ex
1081 2553 1152 2597 oon·

147 2637 312 2700 suetudine
323 2657 417 2700 manu
431 2621 657 2701 suaoibnturus
667 2657 738 2700 eum
749 2637 1151 2718 consumptumalormiois
1238 2651 1242 2659 “

79 2778 81 2781 .
147 2742 328 2820 invenisset,
344 2743 483 2805 monitus
497 2749 597 2806 estut
611 2743 675 2804 sim
690 2742 904 2806 multitudinis
918 2753 1050 2806 eaveret
1092 2744 1152 2806 Re·
1165 2752 1197 2801 2)

146 2848 236 2909 diens
250 2867 324 2926 ergo
338 2867 468 2928 propere
482 2847 697 2927 Ca'rnpaniam,
711 2848 848 2910 Asturae
861 2847 896 2909 in
909 2846 1091 2928 languorem
1106 2847 1152 2910 in·
1234 2833 1239 2842 ’

146 2953 232 3030 uidit,
248 2972 310 3034 quo
323 2953 453 3034 paulum
465 2952 589 3016 levatus
603 2952 741 3016 Cireeios
755 2952 923 3034 pertendit

147 3059 194 3120 Ao
214 3078 254 3120 ne
272 3079 367 3139 quam
386 3058 597 3139 suspitionem
616 3057 812 3121 infirmitatis
825 3058 924 3134 daret,

146 3165 358 3228 castrensibus
371 3163 457 3227 ludis
471 3183 536 3227 non
550 3170 673 3227 tanturn
696 3162 853 3242 interfuit,
869 3162 925 3226 sed

146 3272 241 3332 etiam
262 3272 394 3334 missum
413 3271 448 3333 in
466 3271 616 3334 harenam
636 3290 745 3351 aprum
767 3269 880 3333 iaoulis
901 3268 1037 3350 desuper
1051 3266 1149 3349 petit3
1165 3261 1222 3332 π’

146 3376 316 3456 statimqne
329 3376 429 3440 latere
441 3375 593 3440 convulso
606 3382 647 3454 et,
663 3382 700 3438 ut
712 3381 921 3452 exaestuaret,
935 3372 1061 3437 afflatus
1073 3379 1151 3437 aura
1228 3445 1244 3469 ὓ

146 3480 179 3541 in
200 3481 376 3559 graviorem
396 3481 510 3544 recidit
530 3482 682 3544 morbum.
737 3479 936 3545 Sustentarit
962 3485 1068 3541 tamen
1095 3478 1151 3541 nli·
1226 3520 1230 3525 ·

145 3585 304 3665 quamdiu,
332 3586 477 3665 quamvis
504 3564 664 3650 biisenum
691 3604 792 3666 usque
819 3585 969 3648 deventus
999 3581 1081 3646 nibil
1109 3603 1149 3646 ex

145 3691 254 3753 ordine
267 3691 432 3754 eotidian'o
439 3692 715 3772 praetermitteret,
729 3710 770 3755 ne
786 3689 933 3755 oonriria
950 3687 1077 3772 quidem
1093 3695 1150 3751 aut
1240 3704 1246 3713 ·

960 3033 1063 3096 Falttag

960 3111 1050 3158 mu

144 3800 264 3858 ceterae
278 3795 466 3878 voluptates,
479 3796 595 3878 partim
610 3795 856 3877 intemperantia
868 3796 985 3876 partim
1004 3794 1150 3858 dissimu-
1163 3804 1195 3855 ω
1273 3828 1276 3833 -

143 3899 271 3965 latione
293 3925 297 3934 ·
312 3901 397 3966 Nam
417 3899 583 3967 chandeu
602 3901 768 3981 medium,
782 3900 876 3983 quod,
890 3904 1066 3964 oommeatu
1081 3897 1149 3961 alu·

124 4012 229 4087 turus,
244 4028 264 4072 s
281 4007 435 4076 oonrivio
453 4007 622 4103 egrediens
639 4005 851 4097 manumalbt
868 4003 1034 4071 omulmdi
1052 4022 1150 4070 musa
