<?xml version="1.0" encoding="UTF-8"?>
<!DOCTYPE html PUBLIC "-//W3C//DTD XHTML 1.0 Transitional//EN"
    "http://www.w3.org/TR/xhtml1/DTD/xhtml1-transitional.dtd">
<html xmlns="http://www.w3.org/1999/xhtml" xml:lang="en" lang="en">
 <head>
  <title>
</title>
<meta http-equiv="Content-Type" content="text/html;charset=utf-8" />
  <meta name='ocr-system' content='tesseract 3.04.00' />
  <meta name='ocr-capabilities' content='ocr_page ocr_carea ocr_par ocr_line ocrx_word'/>
</head>
<body>
  <div class='ocr_page' id='page_1' title='image "./gaisuetonitranq00pikegoog_0099.png"; bbox 0 0 2572 4320; ppageno 0'>
   <div class='ocr_carea' id='block_1_1' title="bbox 345 0 565 101">
    <p class='ocr_par' dir='ltr' id='par_1_1' title="bbox 345 0 565 101">
     <span class='ocr_line' id='line_1_1' title="bbox 345 0 565 101; baseline 0 -2"><span class='ocrx_word' id='word_1_1' title='bbox 345 0 565 101; x_wconf 55' lang='lat' dir='ltr'>a..</span> 
     </span>
    </p>
   </div>
   <div class='ocr_carea' id='block_1_2' title="bbox 341 456 1098 536">
    <p class='ocr_par' dir='ltr' id='par_1_2' title="bbox 341 456 1098 536">
     <span class='ocr_line' id='line_1_2' title="bbox 341 456 1098 536; baseline 0.013 -21"><span class='ocrx_word' id='word_1_2' title='bbox 341 462 456 516; x_wconf 78' lang='lat' dir='ltr'>crana</span> <span class='ocrx_word' id='word_1_3' title='bbox 477 461 529 516; x_wconf 83' lang='lat' dir='ltr'>iv.</span> <span class='ocrx_word' id='word_1_4' title='bbox 579 462 609 518; x_wconf 84' lang='lat' dir='ltr'>c</span> <span class='ocrx_word' id='word_1_5' title='bbox 635 463 849 536; x_wconf 53' lang='lat' dir='ltr'>caninum,</span> <span class='ocrx_word' id='word_1_6' title='bbox 1052 456 1098 525; x_wconf 82' lang='grc'>65</span> 
     </span>
    </p>
   </div>
   <div class='ocr_carea' id='block_1_3' title="bbox 85 586 1284 719">
    <p class='ocr_par' dir='ltr' id='par_1_3' title="bbox 85 586 1284 719">
     <span class='ocr_line' id='line_1_3' title="bbox 85 586 1284 719; baseline -0.018 -15"><span class='ocrx_word' id='word_1_7' title='bbox 85 662 117 704; x_wconf 91' lang='lat' dir='ltr'>se</span> <span class='ocrx_word' id='word_1_8' title='bbox 134 647 332 719; x_wconf 88' lang='lat' dir='ltr'>recepturum</span> <span class='ocrx_word' id='word_1_9' title='bbox 347 637 501 719; x_wconf 76' lang='lat' dir='ltr'><strong>stetitque</strong></span> <span class='ocrx_word' id='word_1_10' title='bbox 514 637 548 700; x_wconf 94' lang='lat' dir='ltr'>in</span> <span class='ocrx_word' id='word_1_11' title='bbox 560 639 716 703; x_wconf 83' lang='lat' dir='ltr'>vestibulo</span> <span class='ocrx_word' id='word_1_12' title='bbox 726 640 852 703; x_wconf 81' lang='lat' dir='ltr'>aedium</span> <span class='ocrx_word' id='word_1_13' title='bbox 865 640 920 704; x_wconf 78' lang='lat' dir='ltr'>KL</span> <span class='ocrx_word' id='word_1_14' title='bbox 932 641 1096 708; x_wconf 51' lang='lat' dir='ltr'>Ianuarii,</span> <span class='ocrx_word' id='word_1_15' title='bbox 1223 654 1227 659; x_wconf 96' lang='lat'>·</span> <span class='ocrx_word' id='word_1_16' title='bbox 1258 586 1284 653; x_wconf 64' lang='lat'>¹¹·</span> 
     </span>
    </p>
   </div>
   <div class='ocr_carea' id='block_1_4' title="bbox 84 744 1228 1041">
    <p class='ocr_par' dir='ltr' id='par_1_4' title="bbox 84 744 1228 1041">
     <span class='ocr_line' id='line_1_4' title="bbox 84 744 1228 827; baseline 0.006 -17"><span class='ocrx_word' id='word_1_17' title='bbox 84 750 125 811; x_wconf 87' lang='lat' dir='ltr'>ad</span> <span class='ocrx_word' id='word_1_18' title='bbox 153 745 326 826; x_wconf 85' lang='lat' dir='ltr'>captandas</span> <span class='ocrx_word' id='word_1_19' title='bbox 354 744 463 827; x_wconf 86' lang='lat' dir='ltr'>stipes,</span> <span class='ocrx_word' id='word_1_20' title='bbox 484 763 563 826; x_wconf 87' lang='lat' dir='ltr'>quas</span> <span class='ocrx_word' id='word_1_21' title='bbox 580 745 683 827; x_wconf 87' lang='lat' dir='ltr'>plenis</span> <span class='ocrx_word' id='word_1_22' title='bbox 703 751 777 810; x_wconf 89' lang='lat' dir='ltr'>ante</span> <span class='ocrx_word' id='word_1_23' title='bbox 796 765 868 811; x_wconf 88' lang='lat' dir='ltr'>eum</span> <span class='ocrx_word' id='word_1_24' title='bbox 888 748 1037 814; x_wconf 81' lang='lat' dir='ltr'>manibus</span> <span class='ocrx_word' id='word_1_25' title='bbox 1058 770 1096 816; x_wconf 84' lang='lat' dir='ltr'>ac</span> <span class='ocrx_word' id='word_1_26' title='bbox 1223 782 1228 791; x_wconf 95' lang='lat'>·</span> 
     </span>
     <span class='ocr_line' id='line_1_5' title="bbox 85 820 866 938; baseline 0.004 -22"><span class='ocrx_word' id='word_1_27' title='bbox 85 857 155 917; x_wconf 90' lang='lat' dir='ltr'>sinu</span> <span class='ocrx_word' id='word_1_28' title='bbox 173 854 276 914; x_wconf 90' lang='lat' dir='ltr'>omuie</span> <span class='ocrx_word' id='word_1_29' title='bbox 296 853 420 931; x_wconf 77' lang='lat' dir='ltr'>generis</span> <span class='ocrx_word' id='word_1_30' title='bbox 435 852 532 931; x_wconf 75' lang='lat' dir='ltr'>turba</span> <span class='ocrx_word' id='word_1_31' title='bbox 551 852 712 917; x_wconf 77' lang='lat' dir='ltr'>fundebat.</span> <span class='ocrx_word' id='word_1_32' title='bbox 721 820 866 938; x_wconf 41' lang='lat' dir='ltr'>{Novis-</span> 
     </span>
     <span class='ocr_line' id='line_1_6' title="bbox 85 958 866 1041; baseline 0 -19"><span class='ocrx_word' id='word_1_33' title='bbox 85 962 162 1023; x_wconf 84' lang='lat' dir='ltr'>sime</span> <span class='ocrx_word' id='word_1_34' title='bbox 177 958 420 1020; x_wconf 75' lang='lat' dir='ltr'>contrectandae</span> <span class='ocrx_word' id='word_1_35' title='bbox 434 959 585 1038; x_wconf 74' lang='lat' dir='ltr'>pecuruae</span> <span class='ocrx_word' id='word_1_36' title='bbox 603 960 751 1041; x_wconf 92' lang='lat' dir='ltr'>cupidine</span> <span class='ocrx_word' id='word_1_37' title='bbox 764 960 866 1022; x_wconf 88' lang='lat' dir='ltr'>incen-</span> 
     </span>
    </p>
   </div>
   <div class='ocr_carea' id='block_1_5' title="bbox 20 866 1280 3962">
    <p class='ocr_par' dir='ltr' id='par_1_5' title="bbox 20 866 1280 3962">
     <span class='ocr_line' id='line_1_7' title="bbox 1214 866 1274 935; baseline -0.1 0"><span class='ocrx_word' id='word_1_38' title='bbox 1214 866 1222 913; x_wconf 81' lang='grc'>-’</span> <span class='ocrx_word' id='word_1_39' title='bbox 1257 892 1274 935; x_wconf 82' lang='grc' dir='ltr'>ι.</span> 
     </span>
     <span class='ocr_line' id='line_1_8' title="bbox 353 991 1274 1066; baseline 0.002 -22"><span class='ocrx_word' id='word_1_40' title='bbox 353 1059 356 1066; x_wconf 25' lang='grc'>1</span> <span class='ocrx_word' id='word_1_41' title='bbox 1224 1042 1228 1047; x_wconf 94' lang='grc'>.</span> <span class='ocrx_word' id='word_1_42' title='bbox 1257 991 1274 1046; x_wconf 85' lang='grc' dir='ltr'>ι’</span> 
     </span>
     <span class='ocr_line' id='line_1_9' title="bbox 85 1063 1280 1145; baseline 0.002 -19"><span class='ocrx_word' id='word_1_43' title='bbox 85 1087 146 1140; x_wconf 88' lang='lat' dir='ltr'>ens,</span> <span class='ocrx_word' id='word_1_44' title='bbox 162 1083 254 1142; x_wconf 84' lang='lat' dir='ltr'>saepe</span> <span class='ocrx_word' id='word_1_45' title='bbox 269 1082 364 1142; x_wconf 84' lang='lat' dir='ltr'>super</span> <span class='ocrx_word' id='word_1_46' title='bbox 378 1063 547 1126; x_wconf 84' lang='lat' dir='ltr'>immensos</span> <span class='ocrx_word' id='word_1_47' title='bbox 560 1082 724 1127; x_wconf 86' lang='lat' dir='ltr'>aureorum</span> <span class='ocrx_word' id='word_1_48' title='bbox 732 1084 860 1129; x_wconf 83' lang='lat' dir='ltr'>acervos</span> <span class='ocrx_word' id='word_1_49' title='bbox 870 1065 1127 1145; x_wconf 74' lang='lat' dir='ltr'>patentissimoe</span> <span class='ocrx_word' id='word_1_50' title='bbox 1221 1086 1224 1091; x_wconf 91' lang='lat'>·</span> <span class='ocrx_word' id='word_1_51' title='bbox 1277 1128 1280 1137; x_wconf 85' lang='grc'>,</span> 
     </span>
     <span class='ocr_line' id='line_1_10' title="bbox 84 1166 1146 1255; baseline 0.001 -24"><span class='ocrx_word' id='word_1_52' title='bbox 84 1171 216 1231; x_wconf 83' lang='lat' dir='ltr'>diffusos</span> <span class='ocrx_word' id='word_1_53' title='bbox 236 1168 305 1229; x_wconf 91' lang='lat' dir='ltr'>loco</span> <span class='ocrx_word' id='word_1_54' title='bbox 326 1175 360 1228; x_wconf 90' lang='lat' dir='ltr'>et</span> <span class='ocrx_word' id='word_1_55' title='bbox 381 1167 475 1229; x_wconf 89' lang='lat' dir='ltr'>nudis</span> <span class='ocrx_word' id='word_1_56' title='bbox 495 1166 628 1247; x_wconf 88' lang='lat' dir='ltr'>pedibus</span> <span class='ocrx_word' id='word_1_57' title='bbox 649 1168 805 1247; x_wconf 76' lang='lat' dir='ltr'>spatiatim</span> <span class='ocrx_word' id='word_1_58' title='bbox 825 1175 858 1231; x_wconf 89' lang='lat' dir='ltr'>et</span> <span class='ocrx_word' id='word_1_59' title='bbox 877 1176 945 1230; x_wconf 86' lang='lat' dir='ltr'>toto</span> <span class='ocrx_word' id='word_1_60' title='bbox 961 1187 1094 1250; x_wconf 85' lang='lat' dir='ltr'>corpore</span> <span class='ocrx_word' id='word_1_61' title='bbox 1143 1250 1146 1255; x_wconf 19' lang='grc' dir='ltr'>ι</span> 
     </span>
     <span class='ocr_line' id='line_1_11' title="bbox 84 1263 1236 1353; baseline 0.002 -18"><span class='ocrx_word' id='word_1_62' title='bbox 84 1273 280 1353; x_wconf 80' lang='lat' dir='ltr'>aliquamdiu</span> <span class='ocrx_word' id='word_1_63' title='bbox 301 1271 462 1335; x_wconf 79' lang='lat' dir='ltr'>volutatum</span> <span class='ocrx_word' id='word_1_64' title='bbox 483 1279 541 1335; x_wconf 82' lang='lat' dir='ltr'>est</span> <span class='ocrx_word' id='word_1_65' title='bbox 1235 1263 1236 1268; x_wconf 8' lang='grc' dir='ltr'>ἵ</span> 
     </span>
     <span class='ocr_line' id='line_1_12' title="bbox 35 1362 1094 1460; baseline 0.006 -22"><span class='ocrx_word' id='word_1_66' title='bbox 35 1388 71 1439; x_wconf 79' lang='lat' dir='ltr'>se</span> <span class='ocrx_word' id='word_1_67' title='bbox 114 1362 276 1441; x_wconf 51' lang='lat' dir='ltr'>&#39;Militiam</span> <span class='ocrx_word' id='word_1_68' title='bbox 291 1397 404 1458; x_wconf 87' lang='lat' dir='ltr'>resque</span> <span class='ocrx_word' id='word_1_69' title='bbox 417 1377 547 1441; x_wconf 86' lang='lat' dir='ltr'>bellicas</span> <span class='ocrx_word' id='word_1_70' title='bbox 567 1379 664 1441; x_wconf 88' lang='lat' dir='ltr'>semel</span> <span class='ocrx_word' id='word_1_71' title='bbox 685 1378 801 1457; x_wconf 76' lang='lat' dir='ltr'>attigit,</span> <span class='ocrx_word' id='word_1_72' title='bbox 815 1397 916 1460; x_wconf 87' lang='lat' dir='ltr'>neque</span> <span class='ocrx_word' id='word_1_73' title='bbox 935 1398 976 1442; x_wconf 87' lang='lat' dir='ltr'>ex</span> <span class='ocrx_word' id='word_1_74' title='bbox 994 1380 1094 1444; x_wconf 80' lang='lat' dir='ltr'>desti·</span> 
     </span>
     <span class='ocr_line' id='line_1_13' title="bbox 84 1474 1270 1583; baseline 0.003 -39"><span class='ocrx_word' id='word_1_75' title='bbox 84 1494 166 1558; x_wconf 84' lang='lat' dir='ltr'>nato,</span> <span class='ocrx_word' id='word_1_76' title='bbox 189 1483 243 1544; x_wconf 88' lang='lat' dir='ltr'>sed</span> <span class='ocrx_word' id='word_1_77' title='bbox 264 1501 334 1542; x_wconf 85' lang='lat' dir='ltr'>curn</span> <span class='ocrx_word' id='word_1_78' title='bbox 358 1482 399 1543; x_wconf 90' lang='lat' dir='ltr'>ad</span> <span class='ocrx_word' id='word_1_79' title='bbox 420 1481 585 1543; x_wconf 85' lang='lat' dir='ltr'>visendum</span> <span class='ocrx_word' id='word_1_80' title='bbox 605 1501 718 1545; x_wconf 88' lang='lat' dir='ltr'>nemus</span> <span class='ocrx_word' id='word_1_81' title='bbox 737 1482 915 1563; x_wconf 87' lang='lat' dir='ltr'>flumenque</span> <span class='ocrx_word' id='word_1_82' title='bbox 935 1483 1093 1548; x_wconf 77' lang='lat' dir='ltr'><strong>Clitumni</strong></span> <span class='ocrx_word' id='word_1_83' title='bbox 1255 1474 1270 1583; x_wconf 37' lang='grc' dir='ltr'>’ᾖ</span> 
     </span>
     <span class='ocr_line' id='line_1_14' title="bbox 85 1583 1264 1665; baseline 0 -20"><span class='ocrx_word' id='word_1_84' title='bbox 85 1585 262 1645; x_wconf 87' lang='lat' dir='ltr'>Mevaniam</span> <span class='ocrx_word' id='word_1_85' title='bbox 288 1583 502 1662; x_wconf 76' lang='lat' dir='ltr'>processisset,</span> <span class='ocrx_word' id='word_1_86' title='bbox 525 1583 706 1645; x_wconf 83' lang='lat' dir='ltr'>admonitus</span> <span class='ocrx_word' id='word_1_87' title='bbox 731 1586 770 1646; x_wconf 90' lang='lat' dir='ltr'>de</span> <span class='ocrx_word' id='word_1_88' title='bbox 794 1604 866 1665; x_wconf 90' lang='lat' dir='ltr'>eup-</span> <span class='ocrx_word' id='word_1_89' title='bbox 902 1626 908 1639; x_wconf 73' lang='grc'><strong>.</strong></span> <span class='ocrx_word' id='word_1_90' title='bbox 1108 1596 1139 1645; x_wconf 82' lang='lat' dir='ltr'>tc</span> <span class='ocrx_word' id='word_1_91' title='bbox 1262 1660 1264 1665; x_wconf 10' lang='lat' dir='ltr'>y</span> 
     </span>
     <span class='ocr_line' id='line_1_15' title="bbox 85 1659 1269 1795; baseline 0.004 -49"><span class='ocrx_word' id='word_1_92' title='bbox 85 1687 199 1764; x_wconf 87' lang='lat' dir='ltr'>plcndo</span> <span class='ocrx_word' id='word_1_93' title='bbox 227 1703 358 1745; x_wconf 90' lang='lat' dir='ltr'>numero</span> <span class='ocrx_word' id='word_1_94' title='bbox 386 1685 588 1761; x_wconf 81' lang='lat' dir='ltr'>Batavomm,</span> <span class='ocrx_word' id='word_1_95' title='bbox 615 1704 694 1766; x_wconf 88' lang='lat' dir='ltr'>quos</span> <span class='ocrx_word' id='word_1_96' title='bbox 721 1686 804 1748; x_wconf 85' lang='lat' dir='ltr'>circa</span> <span class='ocrx_word' id='word_1_97' title='bbox 831 1705 864 1750; x_wconf 84' lang='lat' dir='ltr'>se</span> <span class='ocrx_word' id='word_1_98' title='bbox 889 1659 1062 1792; x_wconf 41' lang='lat'>{⁸¹:2⁸³</span> <span class='ocrx_word' id='word_1_99' title='bbox 1249 1728 1269 1795; x_wconf 49' lang='lat'>,-</span> 
     </span>
     <span class='ocr_line' id='line_1_16' title="bbox 84 1785 864 1866; baseline 0.001 -19"><span class='ocrx_word' id='word_1_100' title='bbox 84 1789 226 1863; x_wconf 85' lang='lat' dir='ltr'>habebnt,</span> <span class='ocrx_word' id='word_1_101' title='bbox 250 1785 464 1865; x_wconf 73' lang='lat' dir='ltr'>expeditionis</span> <span class='ocrx_word' id='word_1_102' title='bbox 485 1786 690 1848; x_wconf 75' lang='lat' dir='ltr'>Germanicae</span> <span class='ocrx_word' id='word_1_103' title='bbox 711 1788 864 1866; x_wconf 86' lang='lat' dir='ltr'>impetum</span> 
     </span>
     <span class='ocr_line' id='line_1_17' title="bbox 83 1851 1272 1976; baseline 0.004 -25"><span class='ocrx_word' id='word_1_104' title='bbox 83 1892 166 1968; x_wconf 85' lang='lat' dir='ltr'>cepit</span> <span class='ocrx_word' id='word_1_105' title='bbox 176 1864 307 1976; x_wconf 74' lang='lat' dir='ltr'>;[peque</span> <span class='ocrx_word' id='word_1_106' title='bbox 322 1887 460 1964; x_wconf 79' lang='lat' dir='ltr'>distulit,</span> <span class='ocrx_word' id='word_1_107' title='bbox 475 1888 531 1951; x_wconf 84' lang='lat' dir='ltr'>sed</span> <span class='ocrx_word' id='word_1_108' title='bbox 552 1887 729 1967; x_wconf 76' lang='lat' dir='ltr'>legionibus</span> <span class='ocrx_word' id='word_1_109' title='bbox 748 1897 782 1954; x_wconf 88' lang='lat' dir='ltr'>et</span> <span class='ocrx_word' id='word_1_110' title='bbox 801 1889 930 1953; x_wconf 75' lang='lat' dir='ltr'>auxiliis</span> <span class='ocrx_word' id='word_1_111' title='bbox 950 1890 1091 1971; x_wconf 85' lang='lat' dir='ltr'>undique</span> <span class='ocrx_word' id='word_1_112' title='bbox 1257 1851 1272 1915; x_wconf 33' lang='grc' dir='ltr'><em>κ</em></span> 
     </span>
     <span class='ocr_line' id='line_1_18' title="bbox 84 1990 1264 2072; baseline 0.003 -18"><span class='ocrx_word' id='word_1_113' title='bbox 84 1994 204 2069; x_wconf 87' lang='lat' dir='ltr'>excitis,</span> <span class='ocrx_word' id='word_1_114' title='bbox 223 1991 394 2054; x_wconf 87' lang='lat' dir='ltr'>dilectibus</span> <span class='ocrx_word' id='word_1_115' title='bbox 416 1992 533 2072; x_wconf 91' lang='lat' dir='ltr'>ubique</span> <span class='ocrx_word' id='word_1_116' title='bbox 553 1993 753 2054; x_wconf 84' lang='lat' dir='ltr'>acerbissime</span> <span class='ocrx_word' id='word_1_117' title='bbox 773 1992 863 2068; x_wconf 65' lang='lat' dir='ltr'>actia</span> <span class='ocrx_word' id='word_1_118' title='bbox 877 2000 1037 2056; x_wconf 84' lang='lat' dir='ltr'>contrecto</span> <span class='ocrx_word' id='word_1_119' title='bbox 1057 2002 1092 2057; x_wconf 91' lang='lat' dir='ltr'>et</span> <span class='ocrx_word' id='word_1_120' title='bbox 1263 1990 1264 1993; x_wconf 61' lang='grc'>’</span> 
     </span>
     <span class='ocr_line' id='line_1_19' title="bbox 84 2097 1138 2183; baseline -0.006 -17"><span class='ocrx_word' id='word_1_121' title='bbox 84 2101 184 2167; x_wconf 73' lang='lat' dir='ltr'>nunriis</span> <span class='ocrx_word' id='word_1_122' title='bbox 200 2098 323 2183; x_wconf 71' lang='lat' dir='ltr'>genueris</span> <span class='ocrx_word' id='word_1_123' title='bbox 339 2105 515 2165; x_wconf 87' lang='lat' dir='ltr'>commeatu</span> <span class='ocrx_word' id='word_1_124' title='bbox 529 2105 649 2182; x_wconf 87' lang='lat' dir='ltr'>quanto</span> <span class='ocrx_word' id='word_1_125' title='bbox 661 2116 830 2183; x_wconf 83' lang='lat' dir='ltr'>numquam</span> <span class='ocrx_word' id='word_1_126' title='bbox 847 2104 948 2178; x_wconf 74' lang='lat' dir='ltr'>arima,</span> <span class='ocrx_word' id='word_1_127' title='bbox 963 2097 1024 2162; x_wconf 86' lang='lat' dir='ltr'>iter</span> <span class='ocrx_word' id='word_1_128' title='bbox 1045 2097 1092 2162; x_wconf 88' lang='lat' dir='ltr'>in·</span> <span class='ocrx_word' id='word_1_129' title='bbox 1107 2111 1138 2160; x_wconf 79' lang='lat' dir='ltr'>u</span> 
     </span>
     <span class='ocr_line' id='line_1_20' title="bbox 84 2206 1268 2302; baseline 0.005 -33"><span class='ocrx_word' id='word_1_130' title='bbox 84 2231 208 2285; x_wconf 79' lang='lat' dir='ltr'>gressus</span> <span class='ocrx_word' id='word_1_131' title='bbox 225 2218 275 2270; x_wconf 88' lang='lat' dir='ltr'>eet</span> <span class='ocrx_word' id='word_1_132' title='bbox 293 2209 493 2288; x_wconf 75' lang='lat' dir='ltr'>confecitque</span> <span class='ocrx_word' id='word_1_133' title='bbox 507 2210 601 2272; x_wconf 85' lang='lat' dir='ltr'>modo</span> <span class='ocrx_word' id='word_1_134' title='bbox 620 2215 686 2272; x_wconf 81' lang='lat' dir='ltr'>tam</span> <span class='ocrx_word' id='word_1_135' title='bbox 707 2208 897 2273; x_wconf 77' lang='lat' dir='ltr'>festinanter</span> <span class='ocrx_word' id='word_1_136' title='bbox 916 2215 950 2273; x_wconf 85' lang='lat' dir='ltr'>et</span> <span class='ocrx_word' id='word_1_137' title='bbox 969 2206 1091 2291; x_wconf 82' lang='lat' dir='ltr'>rapide,</span> <span class='ocrx_word' id='word_1_138' title='bbox 1165 2210 1170 2218; x_wconf 74' lang='grc'><strong>“</strong></span> <span class='ocrx_word' id='word_1_139' title='bbox 1267 2297 1268 2302; x_wconf 11' lang='lat'>¹</span> 
     </span>
     <span class='ocr_line' id='line_1_21' title="bbox 84 2310 1279 2404; baseline 0.004 -31"><span class='ocrx_word' id='word_1_140' title='bbox 84 2321 119 2374; x_wconf 90' lang='lat' dir='ltr'>ut</span> <span class='ocrx_word' id='word_1_141' title='bbox 140 2311 355 2392; x_wconf 84' lang='lat' dir='ltr'>praetorianae</span> <span class='ocrx_word' id='word_1_142' title='bbox 376 2310 520 2373; x_wconf 84' lang='lat' dir='ltr'>cohortes</span> <span class='ocrx_word' id='word_1_143' title='bbox 541 2317 650 2373; x_wconf 82' lang='lat' dir='ltr'>contm</span> <span class='ocrx_word' id='word_1_144' title='bbox 677 2331 795 2373; x_wconf 87' lang='lat' dir='ltr'>morem</span> <span class='ocrx_word' id='word_1_145' title='bbox 822 2312 914 2389; x_wconf 74' lang='lat' dir='ltr'>signa</span> <span class='ocrx_word' id='word_1_146' title='bbox 939 2312 1090 2377; x_wconf 88' lang='lat' dir='ltr'>iumentis</span> <span class='ocrx_word' id='word_1_147' title='bbox 1169 2340 1172 2345; x_wconf 94' lang='lat'>·</span> <span class='ocrx_word' id='word_1_148' title='bbox 1271 2392 1279 2404; x_wconf 43' lang='grc' dir='ltr'>Ι</span> 
     </span>
     <span class='ocr_line' id='line_1_22' title="bbox 84 2416 1091 2497; baseline 0.004 -20"><span class='ocrx_word' id='word_1_149' title='bbox 84 2420 242 2495; x_wconf 87' lang='lat' dir='ltr'>imponere</span> <span class='ocrx_word' id='word_1_150' title='bbox 256 2424 289 2477; x_wconf 89' lang='lat' dir='ltr'>et</span> <span class='ocrx_word' id='word_1_151' title='bbox 304 2417 351 2477; x_wconf 89' lang='lat' dir='ltr'>ita</span> <span class='ocrx_word' id='word_1_152' title='bbox 368 2416 518 2495; x_wconf 86' lang='lat' dir='ltr'>subsequi</span> <span class='ocrx_word' id='word_1_153' title='bbox 537 2424 731 2495; x_wconf 77' lang='lat' dir='ltr'>cogerentur,</span> <span class='ocrx_word' id='word_1_154' title='bbox 747 2417 905 2480; x_wconf 88' lang='lat' dir='ltr'>interdum</span> <span class='ocrx_word' id='word_1_155' title='bbox 925 2417 1003 2480; x_wconf 89' lang='lat' dir='ltr'>adeo</span> <span class='ocrx_word' id='word_1_156' title='bbox 1022 2436 1091 2497; x_wconf 73' lang='lat' dir='ltr'>scg-</span> 
     </span>
     <span class='ocr_line' id='line_1_23' title="bbox 83 2510 1174 2609; baseline 0.005 -30"><span class='ocrx_word' id='word_1_157' title='bbox 83 2521 166 2580; x_wconf 88' lang='lat' dir='ltr'>niter</span> <span class='ocrx_word' id='word_1_158' title='bbox 180 2527 212 2580; x_wconf 90' lang='lat' dir='ltr'>et</span> <span class='ocrx_word' id='word_1_159' title='bbox 226 2519 369 2595; x_wconf 85' lang='lat' dir='ltr'>delicate,</span> <span class='ocrx_word' id='word_1_160' title='bbox 384 2527 422 2580; x_wconf 92' lang='lat' dir='ltr'>ut</span> <span class='ocrx_word' id='word_1_161' title='bbox 440 2519 611 2598; x_wconf 86' lang='lat' dir='ltr'>octaphoro</span> <span class='ocrx_word' id='word_1_162' title='bbox 624 2519 800 2597; x_wconf 85' lang='lat' dir='ltr'>veheretur,</span> <span class='ocrx_word' id='word_1_163' title='bbox 814 2529 909 2600; x_wconf 81' lang='lat' dir='ltr'>etque</span> <span class='ocrx_word' id='word_1_164' title='bbox 925 2539 945 2581; x_wconf 89' lang='lat' dir='ltr'>a</span> <span class='ocrx_word' id='word_1_165' title='bbox 963 2523 1090 2609; x_wconf 81' lang='lat' dir='ltr'>propin·</span> <span class='ocrx_word' id='word_1_166' title='bbox 1170 2510 1174 2515; x_wconf 44' lang='lat'>⁵</span> 
     </span>
     <span class='ocr_line' id='line_1_24' title="bbox 73 2622 1137 2707; baseline 0.002 -23"><span class='ocrx_word' id='word_1_167' title='bbox 73 2631 213 2707; x_wconf 86' lang='lat' dir='ltr'>‘quarum</span> <span class='ocrx_word' id='word_1_168' title='bbox 229 2624 354 2685; x_wconf 87' lang='lat' dir='ltr'>urbium</span> <span class='ocrx_word' id='word_1_169' title='bbox 370 2623 460 2703; x_wconf 90' lang='lat' dir='ltr'>plebe</span> <span class='ocrx_word' id='word_1_170' title='bbox 475 2623 559 2685; x_wconf 85' lang='lat' dir='ltr'>verri</span> <span class='ocrx_word' id='word_1_171' title='bbox 573 2623 635 2687; x_wconf 88' lang='lat' dir='ltr'>sibi</span> <span class='ocrx_word' id='word_1_172' title='bbox 648 2623 717 2686; x_wconf 82' lang='lat' dir='ltr'>viar</span> <span class='ocrx_word' id='word_1_173' title='bbox 730 2628 763 2686; x_wconf 87' lang='lat' dir='ltr'>et</span> <span class='ocrx_word' id='word_1_174' title='bbox 775 2623 940 2704; x_wconf 74' lang='lat' dir='ltr'>conspergi</span> <span class='ocrx_word' id='word_1_175' title='bbox 959 2622 1090 2704; x_wconf 69' lang='lat' dir='ltr'>propter</span> <span class='ocrx_word' id='word_1_176' title='bbox 1104 2639 1137 2687; x_wconf 76' lang='lat' dir='ltr'>a)</span> 
     </span>
     <span class='ocr_line' id='line_1_25' title="bbox 83 2728 1014 2808; baseline 0.003 -21"><span class='ocrx_word' id='word_1_177' title='bbox 83 2729 244 2808; x_wconf 81' lang='lat' dir='ltr'>pulverem</span> <span class='ocrx_word' id='word_1_178' title='bbox 259 2728 407 2804; x_wconf 79' lang='lat' dir='ltr'>exigeret.</span> <span class='ocrx_word' id='word_1_179' title='bbox 1008 2749 1014 2763; x_wconf 90' lang='lat'><strong>·</strong></span> 
     </span>
     <span class='ocr_line' id='line_1_26' title="bbox 32 2831 1088 2908; baseline 0.006 -21"><span class='ocrx_word' id='word_1_180' title='bbox 32 2846 69 2894; x_wconf 74' lang='lat' dir='ltr'>ee</span> <span class='ocrx_word' id='word_1_181' title='bbox 124 2833 296 2906; x_wconf 85' lang='lat' dir='ltr'>Postquam</span> <span class='ocrx_word' id='word_1_182' title='bbox 308 2837 412 2890; x_wconf 87' lang='lat' dir='ltr'>caetra</span> <span class='ocrx_word' id='word_1_183' title='bbox 426 2832 544 2908; x_wconf 73' lang='lat' dir='ltr'>attigit,</span> <span class='ocrx_word' id='word_1_184' title='bbox 555 2837 592 2892; x_wconf 91' lang='lat' dir='ltr'>ut</span> <span class='ocrx_word' id='word_1_185' title='bbox 606 2851 639 2892; x_wconf 93' lang='lat' dir='ltr'>ee</span> <span class='ocrx_word' id='word_1_186' title='bbox 653 2850 755 2893; x_wconf 81' lang='lat' dir='ltr'>acrem</span> <span class='ocrx_word' id='word_1_187' title='bbox 768 2850 805 2893; x_wconf 88' lang='lat' dir='ltr'>ac</span> <span class='ocrx_word' id='word_1_188' title='bbox 819 2850 961 2894; x_wconf 84' lang='lat' dir='ltr'>severum</span> <span class='ocrx_word' id='word_1_189' title='bbox 975 2831 1088 2893; x_wconf 89' lang='lat' dir='ltr'>ducem</span> 
     </span>
     <span class='ocr_line' id='line_1_27' title="bbox 82 2930 1088 3011; baseline 0.002 -19"><span class='ocrx_word' id='word_1_190' title='bbox 82 2934 270 3007; x_wconf 84' lang='lat' dir='ltr'>ostenderet,</span> <span class='ocrx_word' id='word_1_191' title='bbox 296 2932 427 3010; x_wconf 81' lang='lat' dir='ltr'>legatos,</span> <span class='ocrx_word' id='word_1_192' title='bbox 448 2930 503 3011; x_wconf 89' lang='lat' dir='ltr'>qui</span> <span class='ocrx_word' id='word_1_193' title='bbox 527 2931 649 2993; x_wconf 83' lang='lat' dir='ltr'>auxilia</span> <span class='ocrx_word' id='word_1_194' title='bbox 668 2932 767 2993; x_wconf 87' lang='lat' dir='ltr'>serius</span> <span class='ocrx_word' id='word_1_195' title='bbox 787 2949 827 2992; x_wconf 81' lang='lat' dir='ltr'>ex</span> <span class='ocrx_word' id='word_1_196' title='bbox 850 2932 985 2993; x_wconf 82' lang='lat' dir='ltr'>dirersis</span> <span class='ocrx_word' id='word_1_197' title='bbox 1008 2932 1088 2994; x_wconf 87' lang='lat' dir='ltr'>lonis</span> 
     </span>
     <span class='ocr_line' id='line_1_28' title="bbox 83 3035 1089 3114; baseline 0.002 -18"><span class='ocrx_word' id='word_1_198' title='bbox 83 3038 288 3113; x_wconf 83' lang='lat' dir='ltr'>adduxerant,</span> <span class='ocrx_word' id='word_1_199' title='bbox 303 3056 373 3098; x_wconf 89' lang='lat' dir='ltr'>cum</span> <span class='ocrx_word' id='word_1_200' title='bbox 391 3036 564 3114; x_wconf 82' lang='lat' dir='ltr'>ignominia</span> <span class='ocrx_word' id='word_1_201' title='bbox 577 3036 716 3113; x_wconf 68' lang='lat' dir='ltr'>dimisit,</span> <span class='ocrx_word' id='word_1_202' title='bbox 737 3043 772 3098; x_wconf 87' lang='lat' dir='ltr'>at</span> <span class='ocrx_word' id='word_1_203' title='bbox 784 3036 818 3097; x_wconf 92' lang='lat' dir='ltr'>in</span> <span class='ocrx_word' id='word_1_204' title='bbox 832 3035 972 3098; x_wconf 86' lang='lat' dir='ltr'>exercitu</span> <span class='ocrx_word' id='word_1_205' title='bbox 986 3054 1089 3098; x_wconf 89' lang='lat' dir='ltr'>recen·</span> 
     </span>
     <span class='ocr_line' id='line_1_29' title="bbox 84 3138 1261 3227; baseline 0.005 -29"><span class='ocrx_word' id='word_1_206' title='bbox 84 3141 189 3215; x_wconf 85' lang='lat' dir='ltr'>sendo,</span> <span class='ocrx_word' id='word_1_207' title='bbox 209 3141 369 3220; x_wconf 85' lang='lat' dir='ltr'>plerisque</span> <span class='ocrx_word' id='word_1_208' title='bbox 389 3140 608 3202; x_wconf 89' lang='lat' dir='ltr'>centurionum</span> <span class='ocrx_word' id='word_1_209' title='bbox 629 3140 761 3200; x_wconf 89' lang='lat' dir='ltr'>maturis</span> <span class='ocrx_word' id='word_1_210' title='bbox 781 3140 855 3215; x_wconf 90' lang='lat' dir='ltr'>iam,</span> <span class='ocrx_word' id='word_1_211' title='bbox 873 3146 906 3200; x_wconf 90' lang='lat' dir='ltr'>et</span> <span class='ocrx_word' id='word_1_212' title='bbox 926 3138 1136 3204; x_wconf 74' lang='lat' dir='ltr'>nonnullius</span> <span class='ocrx_word' id='word_1_213' title='bbox 1256 3220 1261 3227; x_wconf 93' lang='lat'><em>.</em></span> 
     </span>
     <span class='ocr_line' id='line_1_30' title="bbox 83 3242 1088 3327; baseline 0 -21"><span class='ocrx_word' id='word_1_214' title='bbox 83 3252 156 3306; x_wconf 89' lang='lat' dir='ltr'>ante</span> <span class='ocrx_word' id='word_1_215' title='bbox 171 3243 378 3325; x_wconf 82' lang='lat' dir='ltr'>paucissimos</span> <span class='ocrx_word' id='word_1_216' title='bbox 389 3265 484 3327; x_wconf 89' lang='lat' dir='ltr'>quam</span> <span class='ocrx_word' id='word_1_217' title='bbox 499 3243 745 3308; x_wconf 89' lang='lat' dir='ltr'>consummaturi</span> <span class='ocrx_word' id='word_1_218' title='bbox 759 3249 863 3308; x_wconf 90' lang='lat' dir='ltr'>essent</span> <span class='ocrx_word' id='word_1_219' title='bbox 877 3242 955 3322; x_wconf 87' lang='lat' dir='ltr'>dies,</span> <span class='ocrx_word' id='word_1_220' title='bbox 969 3242 1088 3324; x_wconf 85' lang='lat' dir='ltr'>primos</span> 
     </span>
     <span class='ocr_line' id='line_1_31' title="bbox 83 3348 1087 3435; baseline 0 -24"><span class='ocrx_word' id='word_1_221' title='bbox 83 3350 164 3429; x_wconf 89' lang='lat' dir='ltr'>pilos</span> <span class='ocrx_word' id='word_1_222' title='bbox 179 3353 306 3430; x_wconf 87' lang='lat' dir='ltr'>ademit,</span> <span class='ocrx_word' id='word_1_223' title='bbox 319 3360 466 3416; x_wconf 80' lang='lat' dir='ltr'>causatus</span> <span class='ocrx_word' id='word_1_224' title='bbox 479 3352 600 3417; x_wconf 89' lang='lat' dir='ltr'>senium</span> <span class='ocrx_word' id='word_1_225' title='bbox 611 3351 763 3435; x_wconf 89' lang='lat' dir='ltr'>cuiusque</span> <span class='ocrx_word' id='word_1_226' title='bbox 776 3362 810 3414; x_wconf 92' lang='lat' dir='ltr'>et</span> <span class='ocrx_word' id='word_1_227' title='bbox 822 3348 1087 3429; x_wconf 70' lang='lat' dir='ltr'>imbecillitatem</span> 
     </span>
     <span class='ocr_line' id='line_1_32' title="bbox 83 3453 1088 3541; baseline 0.003 -25"><span class='ocrx_word' id='word_1_228' title='bbox 83 3463 256 3519; x_wconf 87' lang='lat' dir='ltr'>ceterorum</span> <span class='ocrx_word' id='word_1_229' title='bbox 268 3458 424 3540; x_wconf 90' lang='lat' dir='ltr'>increpita</span> <span class='ocrx_word' id='word_1_230' title='bbox 432 3458 615 3541; x_wconf 86' lang='lat' dir='ltr'>cupiditate,</span> <span class='ocrx_word' id='word_1_231' title='bbox 623 3459 787 3521; x_wconf 87' lang='lat' dir='ltr'>commoda</span> <span class='ocrx_word' id='word_1_232' title='bbox 796 3453 1088 3520; x_wconf 82' lang='lat' dir='ltr'>emeritaemilitiee</span> 
     </span>
     <span class='ocr_line' id='line_1_33' title="bbox 83 3561 1187 3627; baseline 0 -4"><span class='ocrx_word' id='word_1_233' title='bbox 83 3563 123 3623; x_wconf 90' lang='lat' dir='ltr'>ad</span> <span class='ocrx_word' id='word_1_234' title='bbox 138 3567 378 3626; x_wconf 69' lang='lat' dir='ltr'>sescentorum‘</span> <span class='ocrx_word' id='word_1_235' title='bbox 395 3564 519 3627; x_wconf 87' lang='lat' dir='ltr'>milium</span> <span class='ocrx_word' id='word_1_236' title='bbox 534 3582 687 3627; x_wconf 89' lang='lat' dir='ltr'>summam</span> <span class='ocrx_word' id='word_1_237' title='bbox 707 3562 827 3625; x_wconf 88' lang='lat' dir='ltr'>recidit</span> <span class='ocrx_word' id='word_1_238' title='bbox 867 3561 962 3626; x_wconf 82' lang='lat' dir='ltr'>Nihil</span> <span class='ocrx_word' id='word_1_239' title='bbox 981 3567 1087 3625; x_wconf 88' lang='lat' dir='ltr'>autem</span> <span class='ocrx_word' id='word_1_240' title='bbox 1180 3562 1187 3577; x_wconf 78' lang='lat'>⁸</span> 
     </span>
     <span class='ocr_line' id='line_1_34' title="bbox 20 3652 1135 3751; baseline 0.003 -23"><span class='ocrx_word' id='word_1_241' title='bbox 20 3675 21 3679; x_wconf 78' lang='grc'>’</span> <span class='ocrx_word' id='word_1_242' title='bbox 83 3669 220 3748; x_wconf 88' lang='lat' dir='ltr'>amplius</span> <span class='ocrx_word' id='word_1_243' title='bbox 243 3652 339 3750; x_wconf 76' lang='lat' dir='ltr'>quam</span> <span class='ocrx_word' id='word_1_244' title='bbox 361 3669 513 3732; x_wconf 80' lang='lat' dir='ltr'>Adminio</span> <span class='ocrx_word' id='word_1_245' title='bbox 534 3667 979 3751; x_wconf 76' lang='lat' dir='ltr'>Cynobellini-Britannorum</span> <span class='ocrx_word' id='word_1_246' title='bbox 1003 3664 1087 3746; x_wconf 70' lang='lat' dir='ltr'>regis</span> <span class='ocrx_word' id='word_1_247' title='bbox 1103 3683 1135 3731; x_wconf 74' lang='grc' dir='ltr'><strong><em>ω</em></strong></span> 
     </span>
     <span class='ocr_line' id='line_1_35' title="bbox 83 3771 1088 3857; baseline 0.005 -24"><span class='ocrx_word' id='word_1_248' title='bbox 83 3773 158 3849; x_wconf 86' lang='lat' dir='ltr'>filio,</span> <span class='ocrx_word' id='word_1_249' title='bbox 178 3774 234 3854; x_wconf 91' lang='lat' dir='ltr'>qui</span> <span class='ocrx_word' id='word_1_250' title='bbox 253 3774 365 3856; x_wconf 86' lang='lat' dir='ltr'>pulsus</span> <span class='ocrx_word' id='word_1_251' title='bbox 384 3794 406 3839; x_wconf 86' lang='lat' dir='ltr'>a</span> <span class='ocrx_word' id='word_1_252' title='bbox 420 3781 511 3857; x_wconf 87' lang='lat' dir='ltr'>patre</span> <span class='ocrx_word' id='word_1_253' title='bbox 531 3793 602 3838; x_wconf 87' lang='lat' dir='ltr'>oum</span> <span class='ocrx_word' id='word_1_254' title='bbox 623 3773 737 3854; x_wconf 71' lang='lat' dir='ltr'>exigere</span> <span class='ocrx_word' id='word_1_255' title='bbox 752 3792 847 3838; x_wconf 87' lang='lat' dir='ltr'>menn</span> <span class='ocrx_word' id='word_1_256' title='bbox 863 3771 1088 3852; x_wconf 67' lang='lat' dir='ltr'>bansmgent,</span> 
     </span>
     <span class='ocr_line' id='line_1_36' title="bbox 84 3876 1089 3962; baseline 0.003 -23"><span class='ocrx_word' id='word_1_257' title='bbox 84 3876 117 3939; x_wconf 87' lang='lat' dir='ltr'>in</span> <span class='ocrx_word' id='word_1_258' title='bbox 144 3879 339 3943; x_wconf 90' lang='lat' dir='ltr'>deditionem</span> <span class='ocrx_word' id='word_1_259' title='bbox 368 3887 504 3962; x_wconf 83' lang='lat' dir='ltr'>recepto,</span> <span class='ocrx_word' id='word_1_260' title='bbox 531 3879 624 3962; x_wconf 86' lang='lat' dir='ltr'>quasi</span> <span class='ocrx_word' id='word_1_261' title='bbox 648 3878 797 3945; x_wconf 64' lang='lat' dir='ltr'>univesa</span> <span class='ocrx_word' id='word_1_262' title='bbox 821 3877 942 3943; x_wconf 82' lang='lat' dir='ltr'>tradita</span> <span class='ocrx_word' id='word_1_263' title='bbox 972 3876 1089 3956; x_wconf 79' lang='lat' dir='ltr'>insule,</span> 
     </span>
    </p>
   </div>
   <div class='ocr_carea' id='block_1_6' title="bbox 889 897 1075 984">
    <p class='ocr_par' dir='ltr' id='par_1_6' title="bbox 889 897 1075 984">
     <span class='ocr_line' id='line_1_37' title="bbox 889 897 1075 984; baseline 0 -14"><span class='ocrx_word' id='word_1_264' title='bbox 889 897 1075 984; x_wconf 63' lang='lat' dir='ltr'>maie</span> 
     </span>
    </p>
   </div>
   <div class='ocr_carea' id='block_1_7' title="bbox 0 0 1290 4320">
    <p class='ocr_par' dir='ltr' id='par_1_7' title="bbox 0 0 1290 4320">
     <span class='ocr_line' id='line_1_38' title="bbox 0 0 1290 4320; baseline 0 0"><span class='ocrx_word' id='word_1_265' title='bbox 0 0 1290 4320; x_wconf 95' lang='lat' dir='ltr'> </span> 
     </span>
    </p>
   </div>
  </div>
 </body>
</html>
