2572 4320
387 539 501 594 cusnn
524 540 574 595 rr.
624 541 655 595 c.
680 541 879 597 cumcurn
1094 532 1142 602 67

132 713 272 794 saginam
294 713 433 777 ferarum
453 711 576 776 muneri
600 720 855 795 praeparatarum
877 714 982 780 carius
1001 717 1142 799 pecudes

131 827 396 904 compararentur,
417 837 458 883 ex
477 818 584 884 noxiis
607 818 771 884 laniandos
794 821 960 887 adnotavit
981 829 1015 887 et
1036 831 1166 889 carew

132 931 255 995 diarum
268 927 381 994 seriem
396 945 628 1008 recognoscens,
637 927 757 993 nullius
771 927 915 1011 inspecto
926 928 1037 1012 elogio,
1048 938 1141 999 mus

133 1045 254 1099 tanturn
266 1037 360 1098 modo
374 1036 459 1098 iutra
471 1035 629 1116 porticum
639 1036 815 1114 medicina
826 1039 910 1101 cclcc
933 1072 1045 1123 m„
1072 1022 1077 1030 ι
1127 1102 1132 1110 ,

131 1147 173 1203 cd
186 1145 305 1203 coicum
317 1140 578 1219 duciimperavit
620 1141 738 1203 Votum
752 1141 858 1222 exegit
870 1143 911 1206 ab
929 1146 1103 1224 *emptu
1154 1156 1173 1205 s
1237 1182 1240 1187 ·

132 1267 177 1321 eo,
192 1245 247 1324 qui
268 1263 326 1324 pro
346 1244 448 1307 salute
468 1263 527 1306 sua
545 1242 765 1323 gladiatoriam
782 1264 909 1325 operam
934 1223 1035 1285 Μ’

132 1348 327 1429 promiserat,
349 1347 568 1428 spectavitqus
591 1349 678 1411 ferro
700 1349 912 1426 dimicantem,
933 1368 991 1414 nee
1013 1351 1140 1416 dimisit
1180 1346 1183 1351 ’

131 1454 193 1516 nisi
218 1453 369 1516 victorem
393 1460 427 1515 et
451 1459 524 1532 post
547 1452 663 1515 multas
687 1472 803 1535 preces
847 1454 1001 1533 Alterum,
1022 1455 1078 1537 qni
1101 1475 1139 1520 ss

131 1559 305 1638 periturum
317 1576 355 1619 ea
362 1557 402 1618 de
412 1575 509 1618 causa
516 1564 655 1635 voverat,
664 1565 866 1621 cunctantem
875 1557 980 1639 pueris
988 1560 1137 1640 tradidit5

131 1664 334 1727 uerbenatum
359 1661 594 1742 infulatumque
618 1670 727 1724 vetum
751 1669 949 1744 reposcentes
972 1665 1138 1745 pervices
1154 1675 1186 1726 tt

130 1775 268 1847 agerent,
279 1768 382 1847 quoad
397 1766 838 1848 praecipitareturexaggere
880 1769 1136 1835 Multoslronesti

130 1874 259 1949 ordinis,
274 1872 467 1934 deformatos
484 1872 572 1950 prius
591 1872 775 1950 stigmatum
793 1873 888 1951 notis,
901 1875 942 1937 sd
961 1875 1090 1939 metalla
1102 1882 1138 1939 st

129 1978 322 2044 munitiones
339 1975 461 2043 viarum
480 1984 537 2043 aut
554 1978 595 2042 ad
614 1977 732 2042 bestias
748 1979 977 2061 condemnavit,
993 1987 1049 2045 aut
1068 1980 1137 2046 bee-

129 2088 246 2147 tiamm
261 2105 346 2148 more
356 2087 566 2166 quadripedes
581 2106 677 2150 csves
688 2087 836 2166 coercuit,
846 2095 904 2152 ant
915 2089 1035 2153 medios
1048 2110 1137 2155 sema

129 2190 297 2269 dissecuit3
319 2209 378 2254 nec
396 2209 505 2254 ornnes
521 2190 670 2271 gravibus
689 2210 730 2254 ex
747 2191 859 2269 causis,
874 2211 983 2255 verum
998 2192 1081 2256 mals
1093 2195 1135 2257 de
1152 2205 1184 2255 ιι

129 2315 257 2358 munere
284 2315 342 2358 suo
369 2297 525 2376 opinstos,
549 2297 601 2358 vel
624 2299 709 2378 quod
734 2318 904 2378 numquam
928 2300 1134 2379 pergenium

128 2422 219 2465 suum
237 2400 439 2465 deici-assent
480 2402 634 2465 Parentes
654 2401 811 2484 supplicio
829 2402 964 2465 filiorum
981 2402 1134 2467 interesse

128 2509 277 2586 cogebst3
306 2528 440 2589 quornm
469 2508 526 2571 uni
555 2508 770 2571 valetudinem
797 2508 960 2573 excusanti
989 2509 1133 2575 lecticam

129 2614 224 2691 misit,
239 2613 338 2676 alium
361 2634 381 2676 a
400 2612 581 2693 spectaculo
599 2632 717 2693 poenae
736 2613 840 2694 epulis
859 2615 967 2677 statim
988 2615 1134 2678 adhibuit
1206 2650 1209 2655 <

128 2725 222 2798 atque
242 2718 329 2780 omni
349 2718 499 2781 comitate
518 2718 560 2782 ad
579 2719 774 2783 hilaritatem
790 2725 824 2782 st
839 2719 923 2784 iocos
941 2720 1131 2800 provocavit.
1148 2736 1182 2786 2)

128 2823 311 2885 Curatorem
331 2841 495 2883 munerum
517 2840 554 2884 ac
573 2822 787 2900 venationum,
802 2843 858 2904 per
878 2824 1043 2887 continuos
1063 2824 1133 2887 dies

128 2928 161 2988 in
184 2933 353 3007 conspectu
377 2946 436 2990 suc
455 2925 577 2991 catonis
599 2928 805 3005 verberatum,
826 2948 890 2992 non
909 2928 997 3011 prius
1017 2928 1133 2992 occidit

126 3050 221 3109 quarn
230 3031 368 3093 offensus
380 3030 551 3110 putrefacti
561 3031 680 3093 cerebri
691 3033 793 3094 odore
829 3033 996 3096 Atellanae
1006 3040 1130 3112 poetam

127 3136 166 3198 ob
186 3134 327 3214 ambigui
348 3133 409 3198 ioci
430 3133 620 3198 versiculum
641 3135 746 3198 medis
766 3135 991 3217 amphitheatri
1015 3135 1132 3197 harem

127 3241 193 3319 igni
207 3239 368 3303 cremavit
409 3241 559 3320 Equitem
580 3242 757 3304 Romarm
778 3241 935 3304 obiectum
955 3239 1042 3317 feris,
1058 3257 1130 3302 cum
1145 3256 1178 3305 8

28 3325 114 3408 ΗΒ
128 3366 161 3407 se
183 3346 382 3409 innocentem
405 3345 640 3427 proclamasset,
661 3345 798 3423 reduxit,
819 3344 1002 3426 abscissque
1023 3342 1133 3424 lingue

128 3472 236 3516 rursus
259 3452 395 3515 induxit
448 3453 641 3515 Revocstum
668 3452 826 3533 quendem
847 3471 868 3515 s
889 3458 995 3514 vetere
1017 3448 1131 3513 exsilio

126 3557 316 3636 sciscitatus,
327 3558 479 3638 quidnam
493 3558 538 3621 ibi
552 3559 657 3620 fecere
670 3563 861 3635 consuesset,
871 3555 1079 3638 respondente
1093 3574 1131 3618 sc

126 3663 426 3742 peradulationsm:
448 3664 656 3744 Demsemper
667 3662 1131 3742 mmetqaodsveomsrtnt

129 3771 275 3846 ditetur,
286 3777 314 3831 et
327 3777 362 3831 tu
372 3770 545 3848 imperares,
555 3770 690 3850 opinans
703 3767 766 3833 sibi
779 3785 904 3849 qnoque
917 3765 1043 3832 sutiles
1056 3782 1129 3829 sues
1144 3780 1177 3831 s)

124 3879 257 3934 mortem
283 3872 460 3953 imprecari,
480 3873 571 3935 misit
593 3873 712 3936 circum
734 3872 865 3950 inertias,
889 3871 944 3952 qui
957 3870 1130 3935 'universos

117 3975 386 4042 oontmoidsrent
438 3977 519 4045 (lum
549 3976 688 4062 dsoerpi
719 3981 896 4043 murem
922 3973 1129 4058 concupisset,
