2572 4320
481 560 595 613 urana
616 560 666 614 m
718 560 827 616 uuae.
1107 549 1170 618 185

151 749 287 792 annuam
311 735 546 811 repraesentare
566 731 659 810 flaco3
690 733 857 811 exegitque
881 731 1011 811 ingenti
1037 734 1170 797 iutidie

150 843 183 896 et
205 834 376 896 acerbitate
401 854 564 897 nummum
589 854 745 917 ceperum,
766 842 931 915 argeutum
951 837 1169 918 pustularum,

150 960 259 1001 aurum
287 940 328 1001 ad
361 940 534 1016 obruerem,
561 947 600 1002 ut
631 941 774 1021 plerique
804 959 930 1003 ornnem
956 942 1170 1008 collationem

150 1045 253 1126 palam
282 1051 471 1121 recusarent,
505 1064 658 1108 consensu
693 1044 882 1125 numurus,
916 1065 938 1109 a
962 1047 1187 1115 conuncu-

150 1151 254 1232 potiue
265 1151 441 1213 revocanda
452 1151 595 1230 praemia
603 1170 818 1232 quaecumque
830 1152 930 1232 cepia-
953 1195 1088 1248 wm
1182 1171 1199 1219 t

98 1267 135 1316 ⁴5
149 1264 228 1319 sent
271 1256 320 1316 Ex
341 1275 483 1318 annonae
501 1275 627 1336 quoque
643 1257 775 1319 ceritum
791 1256 928 1319 lucranti
952 1273 1158 1324 'mrem

149 1361 290 1423 adcrevit
317 1360 455 1439 iuvidiam
486 1381 560 1424 nam
580 1369 615 1424 et
634 1362 717 1424 iorte
741 1361 867 1440 eccidit,
890 1369 929 1424 ut
952 1347 1016 1396 ω

150 1469 181 1528 in
197 1465 323 1547 publica
335 1466 421 1529 ieme
437 1467 657 1530 Alexandrina
672 1466 764 1530 uarie
777 1467 977 1530 nuntiaretur
991 1467 1167 1549 pulverem

149 1572 669 1635 luctatoribueaulioieadrexieee
871 1585 873 1589 '

187 1678 289 1750 Quare
302 1675 442 1738 omnium
457 1676 491 1738 iu
505 1696 539 1740 ee
553 1677 627 1739 odio
640 1677 782 1756 incitato,
796 1677 878 1740 nihil
892 1679 1165 1744 contumeliarum
1181 1694 1202 1743 rt

148 1784 250 1844 defuit
264 1783 342 1862 quin
355 1782 484 1845 eubiret
527 1783 658 1845 Statuee
671 1783 740 1846 eiue
753 1802 775 1845 a
787 1785 903 1846 vertice
916 1782 1017 1845 cirrue
1032 1788 1165 1866 appori-

147 1895 199 1948 tue
213 1893 263 1947 eet
276 1904 347 1946 oum
362 1885 569 1965 inscriptione
585 1887 714 1962 Graece,
728 1905 809 1948 nuuc
825 1889 947 1948 mum
962 1906 1067 1967 occec
1084 1908 1162 1967 eree,

146 2001 173 2051 et
196 1994 327 2052 truderet
352 1992 497 2052 tandem!
550 1989 693 2053 Alterius
719 1990 802 2053 collo
828 2011 977 2072 accepera
1001 1992 1162 2073 deligata,

146 2096 303 2174 simulque
313 2094 439 2157 titulun:
458 2098 526 2174 Epo
539 2099 614 2174 quid
622 2097 737 2174 potuit
752 2099 805 2157 red
817 2105 852 2158 tu
865 2099 992 2159 culicum
1002 2104 1159 2162 menidi.

146 2202 328 2280 Ascriptum
357 2208 391 2262 et
413 2200 578 2278 columnia,
600 2205 664 2262 ium
691 2202 797 2263 Getice
816 2221 885 2263 eum
903 2207 1056 2265 concedo
1080 2211 1161 2268 ceri·
1176 2217 1202 2263 rt

145 2315 229 2365 tame.
282 2305 349 2365 Iam
375 2304 520 2365 noctibus
542 2304 645 2382 iurgia
667 2323 738 2366 cum
763 2305 864 2368 eervie
891 2306 1034 2387 plerique
1058 2309 1158 2372 eimu-

146 2410 255 2484 lantee,
270 2410 379 2470 crebro
394 2410 549 2471 Vindicem
562 2408 741 2486 poscebant

93 2522 131 2571 46
184 2513 372 2574 Terrebatur
389 2513 430 2573 ad
448 2512 507 2573 hoc
525 2512 726 2574 evidentibus
740 2515 897 2593 portentis
911 2516 1106 2579 eomuiorum
1119 2527 1154 2581 et

143 2617 352 2697 auspiciorum
368 2623 401 2679 et
414 2617 563 2694 ominum,
574 2636 646 2679 cum
660 2617 820 2680 veteribue
834 2626 902 2680 tum
917 2622 1017 2684 ncrie.
1051 2622 1154 2686 Nuru-

143 2740 235 2801 quam
255 2728 348 2783 autea
361 2722 518 2784 somniare
532 2721 655 2799 colitur,
672 2723 777 2784 occisa
793 2722 920 2784 demum
946 2766 1039 2818 ow
1047 2768 1076 2820 d
1165 2738 1196 2787 n

144 2836 243 2891 matre
264 2828 347 2890 vidit
360 2848 416 2910 per
429 2830 578 2909 quietem,
593 2848 704 2891 navem
720 2829 782 2893 'eibi
799 2831 921 2909 regenti
946 2846 1119 2910 ιῃμοιιιιιι

143 2941 299 2997 extortum
312 2935 567 3013 gubernaculum,
579 2935 726 3013 trahique
737 2935 923 2998 eeubOeta·
947 2920 1062 2968 ΜΝ

143 3040 196 3103 vie
221 3060 319 3104 uxore
343 3040 376 3102 iu
400 3040 575 3105 artieeimue
599 3041 745 3103 tenebrae
769 3048 803 3102 et
826 3041 919 3103 modo
945 3040 1149 3122 pinnatorum

142 3147 344 3210 formicarum
381 3146 585 3209 multitudine
624 3146 755 3227 oppleri,
791 3147 885 3210 modo
917 3166 937 3210 a
969 3147 1149 3212 eimulecrie

142 3253 282 3330 gentium
310 3251 351 3315 ad
385 3252 516 3334 Pompei
546 3253 707 3316 theatrum
741 3252 956 3316 dedicatarum
987 3253 1149 3318 circumiri
1162 3268 1189 3318 w

141 3360 302 3440 arcerique
326 3374 510 3439 progreeeu3
538 3366 745 3437 aeturoouem,
770 3379 832 3440 quo
855 3361 991 3423 maxime
1013 3359 1149 3425 lactabo·

141 3471 201 3540 tur,
225 3463 396 3545 posteriore
419 3465 557 3544 corporis
580 3473 669 3546 parte
694 3465 727 3527 iu
752 3465 863 3528 eimiae
886 3466 1021 3547 speciem
1047 3473 1149 3531 traue-

141 3569 318 3647 figuratum,
352 3587 389 3631 ec
422 3574 547 3632 tautum
578 3572 683 3651 capite
717 3571 841 3649 integro
875 3572 1020 3635 hinnitus
1052 3573 1147 3635 edere

139 3689 277 3735 cauoroe.
311 3673 796 3752 DeMaueolec‚ep0uteioribue
807 3676 1148 3754 patefactiqexaudita

140 3793 201 3835 vox
214 3781 266 3837 eet
278 3775 405 3837 nomine
418 3795 490 3838 eum
500 3776 622 3840 cientie.
666 3777 738 3839 Kal.
754 3778 822 3841 Ian.
833 3765 978 3842 exornati
997 3781 1093 3846 Lares
1113 3784 1146 3845 iu
1162 3793 1193 3842 w

138 3875 208 3956 ipro
229 3879 378 3944 sacrificii
397 3877 551 3963 apperutu
572 3881 792 3961 conciderunt3
822 3885 1001 3964 auepioauti
1026 3887 1147 3975 Sporus

137 3981 268 4048 anulum
296 3986 426 4050 muneri·
446 3986 574 4065 obtulit,
601 3984 692 4049 cuiue
719 4005 860 4066 gemmae
887 3988 1051 4072 sculpture
1076 4000 1148 4058 erat
