2572 4320
385 531 498 585 nmen
520 530 570 586 ιν.
623 532 655 587 c.
679 532 876 589 cannuca
1004 492 1010 500 ὁ
1088 527 1137 593 48

61 776 64 783 ,
129 713 184 769 aut
204 705 316 780 filium,
335 703 427 783 quasi
447 680 541 783 plane
561 702 609 766 ita
628 722 754 768 neccsse
775 712 869 784 esset,
887 705 1135 787 etiamaegrum

130 808 352 874 Germanicum
373 807 569 887 gravissimis
590 809 754 870 verborum
775 828 812 872 ac
832 829 936 872 rerum
955 812 1135 876 acerbitati·

130 919 187 979 bus
209 915 298 976 nullo
321 913 464 976 adhibito
488 913 580 975 modo
599 914 736 992 adiecit3
757 871 1241 1005 pmpoeffiffiffl

129 1040 212 1080 mam
234 1019 338 1095 rediit,
353 1036 452 1098 paene
472 1018 650 1098 discerptus
668 1037 689 1081 a
706 1019 831 1099 populo,
846 1039 867 1082 a
884 1028 996 1085 senatu
1015 1025 1134 1105 ospitis

98 1125 297 1193 adamnetus
324 1129 383 1185 est
438 1120 555 1185 Omnea
587 1122 775 1186 Germanico
803 1125 942 1204 corporis
971 1126 1165 1208 animique!

129 1231 273 1304 virtutes,
287 1234 320 1289 et
343 1234 478 1306 quantas
497 1226 616 1289 nemini
639 1228 797 1307 cuiquam
809 1230 907 1292 conti·

129 1335 211 1412 gisse
226 1333 304 1395 satis
318 1338 458 1394 constatz
480 1332 615 1394 formam
633 1340 668 1395 et
686 1334 905 1397 fortitudinem

129 1440 294 1518 egregiam,
316 1437 479 1515 ingenim
499 1437 533 1498 in
553 1443 687 1517 utroque
708 1439 906 1519 eloquentiae

128 1543 351 1620 doctrinaeque
371 1561 484 1618 geum
504 1543 706 1620 praecellens,
727 1544 976 1609 benevolentiam
996 1548 1134 1628 singula·

128 1667 203 1723 rem,
231 1645 506 1725 conciliandaeque
534 1645 697 1708 hominum
724 1648 844 1726 gratiae
870 1668 907 1711 ao
933 1653 1132 1730 promerendi
1149 1667 1190 1716 ιο.

128 1752 242 1813 arnonis
263 1752 378 1812 mimm
398 1757 432 1811 et
451 1751 561 1812 efficax
583 1752 732 1813 studium.
785 1754 916 1816 Ferulae
936 1755 1041 1817 minus
1062 1776 1134 1819 con·

127 1857 257 1934 gruebet
271 1855 431 1934 gracilitas
445 1858 580 1932 c'rurum,
589 1855 644 1917 sed
658 1873 696 1917 ea
705 1875 829 1936 quoque
843 1857 997 1937 paulatim
1010 1859 1133 1940 repleta

127 1960 255 2023 assidua
271 1960 345 2040 equi
362 1960 537 2021 vectatione
557 1967 629 2040 post
646 1959 761 2022 cibum.
803 1962 937 2024 Hostem
955 1964 1132 2028 cornminus
1192 1945 1199 1958 ⁹

127 2084 219 2145 saepe
234 2064 397 2145 percussit
442 2065 784 2127 Oravitcausasetiam
796 2066 1012 2147 triumphalis;
1033 2076 1131 2148 atque
1182 2052 1185 2056 ⁵

127 2168 210 2254 inter
223 2176 328 2232 cetera
346 2169 522 2232 studiorum
542 2169 735 2231 monimenta
753 2168 882 2250 reliquit
901 2177 934 2233 et
953 2172 1131 2237 comoediae
1146 2191 1179 2239 ts

127 2277 271 2339 Graecas.
306 2276 400 2337 Domi
411 2276 551 2356 forisque
561 2275 676 2354 civilis,
687 2276 1004 2340 liberaacfoederata
1012 2277 1131 2358 oppida

126 2380 194 2442 sine
209 2381 371 2443 lictoribus
385 2382 501 2444 adibat
544 2382 650 2446 Sicubi
666 2381 818 2443 clarorum
834 2382 971 2445 virorum
985 2384 1131 2464 sepulcra

126 2495 333 2565 cognosceret,
358 2487 490 2552 inferius
515 2488 664 2551 Manibus
688 2487 791 2549 dabat
847 2489 1016 2551 (laesorum
1037 2487 1129 2551 elude

126 2593 264 2654 Variana
276 2600 399 2656 veteres
412 2614 450 2657 ac
463 2594 622 2675 dispersus
640 2593 789 2673 reliquias
805 2613 870 2656 uno
884 2593 1006 2656 tumulo
1022 2594 1130 2656 huma·
1221 2591 1226 2601 '

126 2705 225 2774 turus,
234 2697 382 2778 colligere
395 2717 454 2761 sua
467 2718 562 2761 manu
575 2706 609 2761 et
622 2705 814 2779 comportare
828 2699 949 2779 primns
961 2698 1129 2777 adgressus
1144 2719 1178 2767 a>

126 2812 182 2866 est
239 2805 510 2870 obtrectatoribus
537 2807 643 2884 etiam,
671 2805 913 2887 qualescumque
939 2810 982 2867 et·
998 2809 1129 2883 quanta·

126 2929 258 2991 cumque
278 2912 318 2971 de
337 2930 433 2975 causa
451 2917 586 2975 nanctus
606 2919 699 2987 esset,
717 2908 799 2972 lenis
820 2910 950 2975 adeost
969 2889 1127 2986 imroxius,

125 3024 162 3077 ut
185 3016 295 3080 Pisoni
318 3018 445 3081 decreta
465 3038 523 3083 sua
542 3018 742 3095 rescindenti,
767 3016 931 3079 clientelas
954 3014 1127 3093 divexeuti,

126 3141 189 3182 non
209 3123 297 3202 prius
316 3142 498 3187 suscensere
518 3125 551 3186 in
573 3125 710 3186 animum
732 3123 902 3199 induxerit,
923 3140 1016 3201 quam
1038 3139 1129 3182 vene-

126 3227 207 3288 liciis
226 3247 351 3307 quoque
368 3236 401 3292 et
418 3230 639 3294 devotionibus
658 3227 834 3310 impugnari
853 3245 888 3291 ss
905 3225 1126 3307 comperisset;
1143 3243 1176 3292 8

126 3348 163 3390 cc
179 3349 220 3391 ne
237 3331 314 3393 tunc
333 3334 460 3411 quidem
480 3334 565 3396 ultra
582 3352 774 3414 progressus,
788 3350 882 3411 quam
901 3337 939 3393 ut
955 3330 1128 3392 amicitiam

126 3431 155 3492 ci
179 3451 265 3496 mors
293 3435 444 3498 maiorum
473 3437 668 3498 renuntiaret
694 3435 920 3513 mandaretque
946 3433 1127 3495 domesticis

94 3536 287 3613 cultionem,
303 3538 330 3601 si
345 3539 424 3617 quid
436 3540 498 3603 sibi
516 3540 680 3602 accideret
722 3538 859 3612 Quarum
872 3534 1028 3599 virtutum
1046 3535 1129 3598 irue-

125 3645 193 3701 tum
208 3640 400 3703 uberrimum
413 3640 904 3723 tulitsicprobatusetdilectus
928 3701 1129 3764 mmm
1212 3711 1214 3715 y

125 3743 234 3822 asnis,
248 3750 286 3807 nt
298 3745 472 3825 Augustus,
488 3745 614 3828 (omitto
633 3746 717 3809 enim
735 3744 905 3828 ueoemitu·
1143 3762 1175 3810 s)

125 3847 216 3912 dines
230 3849 382 3935 reliquus)
397 3851 454 3915 diu
466 3858 632 3915 cunctatus
645 3870 686 3914 an
701 3849 763 3914 sibi
773 3865 983 3915 successorem
993 3844 1130 3910 destina·

125 3961 182 4028 ret,
203 3954 419 4035 montaudun
437 3955 565 4018 Tiberio
584 3954 725 4032 dderitc
752 3953 799 4016 sic
818 3951 916 4032 vulgo
934 3949 1129 4028 favorabilis,
1206 3960 1223 3984 ·

930 1312 1058 1362 mensu

930 1387 1051 1448 sulm
