2572 4320
289 0 511 125 „H

354 447 468 502 mre
489 447 525 503 v.
577 447 692 502 rurus
713 448 907 506 msunrus
1091 442 1129 510 ti

132 622 233 702 polum
250 619 434 682 immutatos
447 619 592 682 dstomm
606 620 775 683 offieiorum
792 621 973 701 eodioilios5
994 626 1135 707 Appium

132 725 272 786 Silenum
308 740 509 783 oonsoeerum
543 740 644 798 suum,
673 721 834 801 Iuliusque
867 722 1000 786 alterum
1029 728 1138 805 Drusi,

130 831 260 893 ultorem
276 824 455 889 Germenioi
470 825 580 903 filium,
594 823 725 888 erimine
738 825 858 888 inserto
875 845 934 890 neo
951 827 1139 894 defensione

131 936 197 999 ullu
205 936 281 997 dats
294 928 419 1010 oooidit,
430 931 507 995 item
517 932 573 995 On.
586 931 771 1014 Pompeium
786 932 912 997 maioris
925 933 1012 999 filies
1022 937 1140 1018 virum,

131 1049 162 1103 et
183 1043 217 1101 L.
239 1032 382 1102 Silenum
405 1036 535 1100 minoris
557 1055 714 1118 sponsum.
756 1038 806 1099 Ex
827 1039 943 1119 quibus
963 1040 1172 1124 Pompeiuss

132 1194 138 1208 .
159 1193 165 1206 .
187 1192 194 1206 .
215 1145 381 1208 confossus
395 1150 454 1221 est,
467 1142 595 1206 Silenus
608 1143 753 1208 sbdiosre
766 1163 801 1208 se
814 1151 962 1226 praetore
972 1153 1049 1211 unte
1063 1149 1141 1213 1111

132 1251 203 1312 Kal.
220 1251 287 1311 Ion.
303 1248 444 1329 morique
459 1247 553 1310 initio
565 1248 641 1310 euni
657 1255 792 1323 ooeotus,
805 1250 858 1312 die
879 1250 948 1330 ipso
967 1250 1084 1316 Clnudi
1105 1262 1142 1317 et

132 1354 326 1436 Agrippinae
340 1354 531 1436 nuptiarum.
574 1354 615 1417 In
628 1353 768 1435 quinque
781 1360 815 1417 et
830 1355 962 1434 triginta
974 1367 1141 1429 austeres

131 1468 348 1541 trecentosque
373 1459 510 1542 emplius
534 1459 658 1541 equites
682 1462 841 1525 &menos
866 1467 957 1524 toute
978 1463 1141 1529 facilitate

130 1567 364 1644 animadvertit,
391 1574 437 1645 ut,
465 1567 505 1630 de
534 1585 610 1629 nene
640 1566 815 1630 oonsuleris
842 1567 903 1630 riri
933 1573 1140 1636 renuntiante
1156 1591 1186 1640 ro

130 1672 311 1736 centurione
335 1672 455 1734 foetum
480 1690 549 1736 esse
574 1673 660 1754 quod
683 1672 878 1754 imperarent,
900 1681 1030 1755 regnet
1052 1676 1140 1758 quie·

130 1800 222 1860 quum
255 1798 289 1842 se
322 1767 501 1860 imperasse,
535 1777 638 1842 nihilo
669 1780 775 1843 minus
809 1799 875 1843 rem
908 1783 1137 1864 eomproberet,

130 1886 357 1948 affirmantibus
388 1885 512 1948 libertis
543 1885 646 1948 offioio
673 1885 793 1950 milites
820 1887 954 1965 innotos,
981 1891 1068 1968 quod
1093 1891 1137 1954 sd

130 1991 282 2052 ultionem
304 1991 503 2072 imperatoris
525 1990 611 2054 ultro
632 1991 907 2072 procucurrissent
948 1994 1032 2056 Nem
1053 1994 1136 2058 illud

130 2116 251 2158 omnem
277 2095 371 2159 iidem
396 2097 567 2161 exterserit
593 2097 678 2179 quod
703 2081 835 2179 nuptiis,
859 2117 938 2178 quus
961 2099 1138 2176 Messalina
1153 2115 1183 2165 m

129 2222 198 2264 oum
223 2203 368 2266 edultero
396 2202 477 2267 Silio
502 2203 630 2282 iecerat,
654 2204 788 2268 tebellue
811 2204 895 2268 dotis
917 2212 952 2269 et
974 2204 1042 2287 ipse
1065 2227 1137 2272 oon·

130 2308 310 2386 signaverit,
330 2310 487 2386 induetur,
507 2311 598 2389 quusi
617 2309 656 2373 de
675 2310 833 2373 industrie
852 2310 1076 2374 simulerentur
1091 2313 1135 2376 sd

130 2414 334 2478 avertendum
349 2415 666 2496 transferendumque
679 2415 864 2498 perieulum,
872 2417 957 2498 quod
970 2415 1136 2482 imminere

130 2523 191 2600 ipsi
206 2541 261 2600 per
275 2522 429 2600 quasdam
444 2528 571 2584 osunts
584 2523 831 2602 portenderetur.

88 2642 116 2693 to
170 2626 351 2688 Auctoritas
376 2626 577 2708 dignitasque
601 2627 721 2691 formee
747 2646 811 2689 non
833 2626 937 2690 defuit
959 2627 998 2705 ei,
1021 2646 1133 2690 verum
1149 2646 1183 2694 n

130 2732 227 2793 stanti
248 2731 299 2793 vel
322 2731 445 2795 sedenti
465 2751 503 2796 eo
523 2733 688 2813 praecipue
707 2733 897 2813 quiessenti3
918 2735 1006 2814 (num
1018 2738 1052 2794 et
1066 2752 1136 2814 pro-

130 2838 265 2900 linones
279 2837 356 2900 exili
372 2857 499 2918 eorpore
518 2846 595 2917 eret,
610 2844 643 2900 et
662 2839 765 2919 speeie
784 2838 911 2900 ounitie·
967 2889 970 2895 .

129 2962 190 3022 quo
217 2943 335 3024 pulcre,
361 2943 476 3024 opimis
502 2942 691 3026 oerrioibus)
715 2950 852 3006 osterum
876 2949 910 3006 et
933 2918 1106 3056 m*

131 3049 356 3125 ingredientem
392 3048 608 3111 destituebant
642 3048 779 3128 poplites
805 3048 908 3109 minus

130 3151 221 3226 firmi,
243 3155 276 3213 et
300 3152 430 3213 remisse
453 3151 531 3233 quid
558 3151 608 3214 vel
637 3152 719 3214 serio
742 3158 885 3231 egenitum
913 3151 1014 3212 mults
1039 3151 1134 3213 deho-
1148 3172 1181 3220 n

130 3256 313 3318 nestebsnt:
345 3256 427 3320 risus
456 3256 614 3335 indeeens,
635 3257 685 3320 ire
704 3258 826 3338 turpior
847 3263 1013 3338 spumante
1039 3254 1132 3334 rictu,

129 3361 308 3424 umentibus
324 3362 462 3441 neribus,
473 3370 636 3443 praetereo
648 3362 773 3442 liuguae
786 3361 965 3439 titubantis,
976 3368 1132 3442 oeputque

129 3485 198 3525 eum
223 3485 354 3546 semper,
379 3473 445 3530 tum
470 3468 504 3529 in
529 3467 814 3548 quantulocumque
837 3473 910 3530 notu

88 3588 113 3637 tl
129 3568 178 3629 vel
191 3570 326 3634 maxime
336 3572 517 3634 tremulum.
546 3571 909 3635 Valetudinesieutolim

129 3674 227 3748 gravi,
248 3673 296 3736 itu
316 3676 465 3756 princeps
483 3693 633 3756 prospers
653 3693 730 3737 usus
749 3680 808 3750 est,
827 3678 959 3753 exeepto
978 3673 1131 3735 stomuohi
1146 3696 1179 3744 ω

128 3776 243 3856 dolore,
265 3797 329 3860 quo
349 3799 383 3841 se
404 3785 584 3860 oorreptum
606 3777 703 3840 etism
727 3778 767 3841 de
791 3775 1011 3842 wmmsoends
1032 3784 1132 3839 morte

127 3881 283 3956 mertun
296 3883 387 3946 uixit
705 3875 709 3887 '
