2572 4320
568 184 572 191 ι

90 33 1242 430 g

1232 454 1236 462 ι

406 608 408 612 ⁴
436 567 549 622 ursus
571 569 624 623 rm
674 566 856 624 rmeerue
1108 559 1152 629 28

146 738 267 815 legatos
283 736 485 818 compescuit,
499 757 539 800 ne
558 756 615 818 per
629 757 682 801 eos
699 739 825 818 quidem
842 738 906 802 nisi
922 746 1106 804 cunctenter
1119 752 1153 804 et

146 840 330 903 necessario.
372 841 477 919 Reges
501 840 636 903 infestos
660 847 885 921 suspectosque
905 842 1154 907 comminetioni·

53 939 57 947 ’
89 1008 91 1015 ,
146 946 205 1006 bus
226 943 327 1023 mugio
347 949 381 1006 et
400 944 550 1023 querellis
565 963 666 1024 ,quem
684 944 717 1006 vi
736 945 904 1025 repressit3
925 948 1075 1026 quosdam
1096 968 1153 1029 per

146 1047 317 1110 blandities
331 1055 427 1127 etque
440 1048 597 1128 promisse
609 1032 766 1112 extructos
779 1050 821 1112 ed
839 1069 873 1113 se
890 1070 953 1112 non
970 1052 1101 1130 nmisit,
1115 1059 1153 1115 ut

147 1153 374 1216 Maroboduum
393 1154 595 1231 Germanum,
609 1153 834 1234 Rhascupolim
857 1154 1018 1232 Threoem,
1038 1156 1154 1218 Arche·
1167 1136 1195 1222 o,

147 1258 232 1320 lenm
253 1258 479 1339 Ceppedcoem,
496 1257 586 1321 cuius
606 1258 705 1320 etiem
724 1277 856 1338 regnum
876 1259 911 1321 in
931 1259 1065 1322 formem
1084 1250 1164 1341 pro:

148 1364 271 1425 vincies
285 1362 414 1443 redegit

96 1478 134 1530 ee
189 1467 322 1531 Biennio
335 1467 487 1531 continuo
499 1474 572 1547 post
585 1468 736 1549 edeptum
749 1467 917 1549 imperium
935 1469 1046 1550 pedem
1062 1476 1154 1551 porte

147 1594 211 1637 nou
223 1574 340 1637 extulit
345 1597 354 1653 ;
377 1574 521 1655 sequenti
538 1581 679 1653 tompore
695 1551 912 1654 preeterquem
928 1575 963 1637 in
977 1576 1155 1657 propinque

148 1680 266 1761 oppide
298 1687 339 1758 et,
374 1699 447 1743 cum
480 1678 672 1758 longissime,
701 1678 802 1743 esitio
834 1685 928 1743 tenue
1169 1693 1200 1743 ro

148 1804 304 1867 nusquem
337 1787 431 1867 uiuit,
458 1786 554 1867 idque
587 1805 714 1868 perrero
747 1791 781 1850 et
813 1806 928 1868 peucos
951 1761 1145 1886 am⁵

148 1895 232 1982 dicer
264 1894 410 1984 qrrsrnvis
437 1892 615 1984 provincius
639 1911 764 1981 quoque
787 1899 821 1959 et
844 1912 929 1959 exer·

147 2008 229 2069 citus
254 2009 430 2069 reuisurum
454 2027 489 2071 se
512 2027 605 2088 seepe
628 2005 866 2094 pronuntinsset
888 2014 922 2071 et
944 2025 1041 2090 prope
1064 2008 1153 2090 quot·

147 2110 240 2174 ennis
260 2109 489 2193 profectionem
507 2117 717 2192 pruepereret,
737 2110 890 2173 vehiculis
908 2111 1152 2191 comprehensis,

148 2217 373 2281 commestibus
401 2237 457 2298 per
484 2217 659 2298 municipie
685 2222 719 2281 et
745 2215 884 2281 coloniae
910 2215 1084 2305 dispositis,
1111 2217 1153 2280 ed
1169 2232 1199 2281 eo

148 2329 323 2388 extremum
343 2327 419 2388 vote
437 2342 495 2405 pro
515 2323 564 2388 itu
584 2329 617 2386 et
636 2324 742 2387 reditu
762 2342 820 2386 suo
840 2323 956 2406 suscipi
977 2343 1099 2405 pessus,
1115 2329 1153 2385 ut

148 2431 245 2509 vulgo
281 2430 344 2493 iem
386 2449 443 2512 per
480 2431 582 2494 iocum
622 2431 809 2511 Callippides
846 2439 1010 2494 noceretur
1045 2429 1152 2511 (quem

148 2537 301 2598 cursitem
324 2555 361 2599 ec
385 2554 425 2597 ne
446 2536 546 2599 cubiti
566 2536 694 2616 quidem
717 2555 896 2599 mensorem
920 2537 1065 2617 progredi
1086 2556 1154 2616 pro·

96 2652 135 2705 ³9
149 2642 256 2703 verbio
274 2641 395 2704 Greeco
412 2648 557 2703 uctetnrn
575 2644 648 2723 est).
691 2641 754 2704 Sed
773 2642 901 2705 orbetus
922 2647 1056 2721 utroque
1075 2641 1172 2718 elin·
1202 2718 1203 2722 Ἰ

148 2766 279 2826 quorum
305 2746 511 2810 Gennenious
536 2746 570 2808 iu
594 2746 697 2827 Syrie,
721 2747 845 2810 Drusus
868 2748 928 2809 Ro
1167 2757 1200 2806 e)

149 2871 218 2914 mee
252 2851 382 2929 obieret,
411 2871 568 2916 secessum
602 2852 794 2934 campeniae
826 2853 926 2934 petit,
951 2825 1155 2963 amm

148 2956 307 3019 constanti
341 2961 374 3018 et
408 2956 556 3037 opinione
587 2963 621 3020 et
652 2976 794 3020 sermone
828 2976 926 3038 psene

148 3063 289 3126 omnium
304 3063 396 3144 qussi
415 3082 517 3144 neque
535 3064 695 3127 rediturus
715 3082 865 3144 umquem
884 3071 917 3126 et
936 3063 1002 3127 cito
1021 3069 1153 3125 mortem

149 3175 243 3229 etiem
272 3168 424 3231 obiturus.
475 3168 564 3241 Quod
592 3169 687 3249 poulo
710 3169 815 3232 minus
838 3176 1007 3248 utrumqne
1030 3167 1153 3246 evenit,

148 3293 222 3335 nem
242 3292 345 3353 neque
365 3274 499 3336 Mmem
519 3273 657 3355 emplius
677 3274 782 3351 rediit,
804 3281 837 3337 et
856 3293 972 3356 peucos
992 3279 1066 3355 post
1085 3272 1153 3335 dies
1168 3288 1200 3336 n

148 3380 244 3462 iuste
252 3380 455 3442 Terracinam
469 3379 503 3441 in
516 3380 683 3461 presterio,
697 3379 750 3443 cui
769 3379 944 3461 Speluncee
962 3398 1076 3442 nomen
1093 3382 1152 3456 est,

149 3483 314 3547 incenente
330 3503 368 3548 eo
382 3483 546 3566 complure
561 3491 594 3548 et
612 3485 755 3565 ingentis
772 3486 850 3549 sere
866 3485 1000 3548 fortuito
1017 3502 1166 3579 superne·

148 3590 278 3670 delepee
291 3595 375 3668 sent,
386 3591 558 3672 multisque
570 3591 774 3654 convivorum
785 3597 819 3655 et
828 3590 1043 3655 ministrorum
1053 3588 1153 3668 elisis,

147 3701 373 3778 proeterspem
386 3696 498 3762 erosit

94 3817 134 3870 ιο
187 3804 359 3883 rosnae
379 3803 562 3887 emptura,
582 3823 654 3869 sum
677 3787 802 3887 orpus
824 3802 1027 3887 capitolium,
1051 3801 1154 3867 nous
1168 3822 1203 3872 e

140 3908 298 3989 tempium
326 3909 476 3991 Augusti,
499 3930 595 3992 quem
622 3929 750 3975 oensem
776 3908 984 3993 protectionis
1010 3914 1155 3990 preston·
1209 3915 1215 3929 ·

117 4008 442 4100 deterreremus,
458 4015 599 4104 (lepreso
620 4035 655 4082 ee
674 4014 821 4094 merliu
831 4014 999 4098 preecipue
1018 4014 1155 4080 delecte·
