2572 4320
323 1145 363 1213 0.
397 1146 606 1215 SUETONI
638 1146 937 1229 TRANQUILLI

279 1329 366 1416 Dll
405 1329 564 1414 VITA
605 1329 976 1415 clusinum

521 1525 655 1585 uranu
682 1524 739 1586 vr.

554 1700 705 1766 NERO.

80 2023 97 2072 s
166 2005 218 2066 Ex
242 2010 335 2082 gente
357 2002 500 2065 Domitia
519 2003 601 2065 duae
621 2003 762 2066 familiae
782 2003 971 2081 claruerunt,
993 2004 1136 2068 Calvino
1170 2021 1186 2073 1

126 2131 196 2172 rum
230 2117 264 2172 et
290 2109 557 2172 Aenobarborum.
608 2109 786 2173 Aenobarbi
817 2116 975 2173 auctorem
1004 2110 1135 2189 originis

126 2257 283 2319 mm,
355 2216 494 2294 itemque
527 2214 721 2292 cognominis
744 2215 870 2279 liabent
897 2217 932 2276 L
960 2216 1134 2278 Domitium

125 2332 154 2382 ss
167 2336 214 2381 ts·
354 2320 406 2381 cui
421 2339 492 2381 rure
506 2320 665 2399 quondam
680 2320 851 2382 revertenti
871 2320 1000 2382 iuvenes
1018 2321 1135 2398 gemini
1187 2321 1190 2328 '

126 2407 266 2456 m
355 2425 536 2502 augustiore
554 2425 659 2501 forma
673 2444 713 2486 ex
733 2445 863 2488 occursu
884 2425 1056 2505 imperasse
1076 2433 1136 2488 tra

83 2549 114 2598 ro
128 2530 255 2608 duntur,
279 2531 444 2592 nuntiaret
467 2530 592 2592 senatui
615 2548 652 2592 ac
676 2531 793 2611 populo
817 2531 993 2607 victoriam,
1012 2531 1051 2593 de
1073 2552 1136 2612 qua

127 2637 282 2698 incertum
306 2634 410 2697 adhuc
434 2642 519 2712 erat;
548 2640 644 2715 atque
672 2635 705 2696 in
733 2636 827 2698 fidem
854 2635 1030 2699 maiestatis
1057 2638 1135 2699 adeo

128 2740 332 2821 permulsisse
347 2739 456 2816 malas,
470 2746 537 2801 ute
554 2741 645 2819 nigro
661 2739 792 2802 rutilum
809 2742 937 2822 aerique
957 2741 1134 2804 adsimilem

127 2845 278 2926 capillum
293 2846 469 2906 redderent
511 2845 601 2914 Quod
615 2846 739 2924 insigne
756 2845 874 2907 mansit
892 2853 925 2907 et
945 2846 979 2907 in
1000 2848 1134 2925 posteris

127 2952 206 3028 eius,
220 2970 256 3013 ac
270 2969 384 3030 magna
397 2970 471 3031 pars
487 2950 583 3012 rutila
598 2951 696 3013 barba
712 2951 851 3012 fuerunt.
893 2951 1009 3013 Functi
1029 2961 1134 3014 autem

82 3078 113 3127 rs
126 3057 344 3122 consulatibus
373 3063 503 3138 septem,
531 3056 693 3139 triumpho
720 3077 912 3140 censuraque
944 3057 1074 3152 duplici,
1102 3065 1135 3122 et

127 3168 212 3232 inter
230 3167 380 3250 patricios
405 3165 521 3230 adlecti
543 3175 823 3250 perseveraverunt
841 3186 950 3231 omnes
971 3165 1005 3230 in
1026 3168 1134 3233 ecdem

126 3275 319 3354 cognomine
363 3274 410 3335 lle
424 3292 464 3334 ne
478 3273 682 3354 praenomine
693 3274 821 3354 quidem
835 3274 902 3336 ulla
915 3282 1134 3356 praeterquam

128 3380 231 3443 Gnaei
244 3386 278 3441 et
291 3361 370 3439 Luci
385 3384 595 3457 usurparunt;
616 3397 715 3457 eaque
734 3378 805 3458 ipsa
824 3378 958 3441 notabili
972 3380 1134 3456 varietate,
1146 3461 1161 3468 ..

128 3484 221 3546 modo
240 3484 462 3546 continuantes
483 3502 579 3545 unum
603 3483 749 3563 quodque
774 3469 954 3565 per'trinas
975 3503 1135 3564 personas,

80 3601 113 3650 a)
129 3587 222 3649 modo
234 3587 429 3648 alternantes
443 3587 662 3665 persingulas
699 3588 784 3648 Nam
800 3587 937 3667 primum
952 3590 1137 3651 secundum·

126 3710 190 3772 que
209 3710 246 3754 ae
265 3691 396 3753 tertium
417 3690 673 3772 Aenobarbomm
698 3691 822 3767 Lucios,
843 3693 1007 3771 sequentis
1027 3712 1136 3755 rursus

126 3805 193 3859 tres
211 3816 251 3858 ex
267 3797 378 3858 ordine
398 3796 523 3858 Gnaeos
543 3797 731 3876 accepimus,
745 3797 884 3876 reliquos
905 3797 1033 3860 nonnisi
1045 3798 1137 3860 sicis·

126 3900 189 3962 sim
202 3907 270 3961 tum
287 3899 401 3962 Lucios
418 3906 486 3960 tum
504 3898 638 3961 Gnaeos
680 3899 787 3962 Pluris
807 3917 826 3960 e
845 3899 972 3962 familia
990 3901 1136 3978 cognosci

127 4004 246 4066 mesre
262 4003 408 4078 arbitror,
421 4001 486 4080 quo
505 4001 633 4065 facilius
653 4008 805 4082 appareat
824 4002 873 4065 ita
891 4002 1097 4080 degenerasse
1117 4021 1138 4065 a

610 4114 659 4166 100
