2572 4320
206 349 208 352 ,
514 358 529 363 ...
567 360 589 370 --a
642 368 647 373 Ι

417 406 421 416 ι
724 408 727 414 ι

374 435 378 444 ,
1030 429 1035 440 a

418 539 532 592 nnana
553 539 606 592 ιιι
657 538 839 593 mamus
1111 527 1134 594 8

128 730 169 775 ne
184 711 298 793 ospitis
316 711 443 792 quidem
460 712 628 792 quiequam
647 732 718 775 reus
734 711 821 793 apud
838 703 990 794 populum
1010 718 1135 777 mutam

128 824 248 881 vestem
262 824 318 881 aut
330 816 491 897 depreoari
506 817 705 894 sustinuerit3
722 816 868 879 nonnulli
881 817 916 879 in
930 818 1134 892 altereatione

128 931 162 987 et
181 923 284 1002 iurgio
303 923 447 986 tribunos
471 922 557 1004 plebi
580 922 785 1005 pulsaverint
827 923 933 986 Etiam
955 924 1044 1002 virgb
1059 924 1136 988 Ves-

85 1021 87 1023 ¹
127 1030 203 1091 talis
217 1031 358 1106 fratrem,
370 1029 493 1092 iniussu
507 1029 617 1109 populi
627 1029 887 1110 triumphantem,
898 1048 1028 1094 asoenao
1037 1030 1134 1094 simul

128 1154 230 1210 eurru,
245 1152 344 1213 usque
365 1132 398 1194 in
419 1133 613 1213 Capitolium
634 1141 801 1214 proseouta
820 1141 878 1210 eat,
895 1153 936 1196 ne
953 1141 1060 1196 vetare
1077 1142 1167 1200 auto

128 1240 321 1302 intercedere
334 1240 385 1301 fas
399 1238 546 1319 cuiquam
560 1238 759 1301 tribunorum
773 1245 865 1302 esset

96 1352 114 1404 ³
168 1347 218 1406 Ex
232 1344 291 1407 hao
307 1344 408 1424 stirpe
424 1344 569 1407 Tiberius
587 1345 702 1408 Caesar
720 1362 818 1423 genus
834 1345 944 1422 trabit,
958 1351 992 1407 et
1006 1344 1135 1425 quidem

128 1456 314 1528 utrumqne:
343 1454 510 1528 paternum
536 1467 557 1510 a
579 1448 707 1510 Tiberio
729 1449 865 1525 Nerone,
890 1454 1067 1536 maternum
1094 1450 1135 1513 ab

128 1553 235 1633 Appio
258 1552 405 1630 Pulohro,
427 1551 483 1632 qui
506 1552 600 1614 ambo
619 1552 706 1632 Appi
731 1553 824 1616 Caeni
847 1552 907 1616 lilii

129 1657 267 1719 fuerunt
309 1657 453 1719 maenus
467 1662 517 1718 en
531 1663 563 1718 n
577 1654 740 1718 Liviorum
755 1656 907 1733 feminae,
933 1635 1110 1687 “mm
1151 1671 1182 1720 ιο

129 1763 278 1842 adoptato
292 1760 325 1824 in
339 1781 407 1824 eam
422 1768 565 1823 materno
574 1780 642 1823 avo.
677 1760 907 1837 Quraeiamilia,
933 1709 1049 1760 nm

129 1886 320 1949 quamquam
337 1866 471 1947 plebeia,
485 1872 592 1929 tamen
610 1871 644 1929 et
659 1867 731 1955 ipsa
745 1867 914 1929 admodum
932 1867 1048 1945 floruit,
1065 1874 1137 1931 ooto

130 1972 355 2050 consulatibus,
369 1971 509 2035 eensuris
523 1972 655 2048 duabus,
669 1971 841 2052 triumphis
855 1971 967 2049 tribus,
978 1973 1138 2036 diotatura

130 2080 227 2141 etiam
247 2097 284 2142 ao
305 2077 488 2156 magisterio
505 2058 650 2158 equitum
670 2077 841 2156 bonorata3
862 2076 949 2141 olam
961 2084 994 2142 et
1006 2079 1138 2159 insigni·

130 2186 190 2247 bus
211 2184 299 2261 viris,
323 2202 360 2247 ao
384 2182 520 2246 maxime
542 2182 719 2247 Salinatore
741 2183 930 2276 'Drusisque
963 2185 1137 2248 ·Salinator
1152 2200 1184 2250 ιι

79 2344 87 2361 ,
131 2291 294 2352 universas
323 2289 426 2352 tribus
454 2288 489 2351 in
515 2307 648 2352 sensnm
677 2288 802 2351 notavit
828 2288 971 2352 levitatis
999 2290 1137 2367 nomine,

131 2396 224 2476 quod,
246 2413 316 2457 oum
341 2414 375 2458 se
399 2400 472 2475 poet
495 2393 630 2475 priorem
654 2393 851 2457 oonsulatum
875 2395 979 2458 multa
1000 2395 1138 2474 irrogata

131 2502 400 2578 oondemnassent,
436 2497 595 2563 oonsulem
634 2499 750 2560 itemm
787 2517 1010 2580 censoremque
1046 2501 1139 2563 feois·

132 2615 211 2668 sent
263 2608 395 2684 Dmena,
417 2605 558 2668 bostium
585 2605 663 2666 duee
691 2606 815 2668 Drauso
841 2605 1016 2669 oomminus
1044 2605 1140 2669 truoi·

132 2711 217 2788 dato,
235 2711 297 2773 sibi
317 2710 514 2791 posterisque
534 2709 601 2773 suis
621 2728 793 2788 oognomen
814 2710 946 2774 invenit
987 2712 1139 2774 Traditur
1153 2723 1185 2772 w

133 2816 228 2881 etiam
245 2821 462 2898 propraetore
478 2834 517 2878 ea
534 2812 698 2895 provincia
713 2813 821 2877 Gallia
839 2815 1001 2878 rettulisse
1017 2835 1138 2895 aurum,

73 2963 76 2972 ·
134 2923 310 2986 Senonibus
337 2922 413 2984 olim
441 2921 475 2982 in
500 2921 663 2984 obsidione
690 2919 839 3000 Capitolii
867 2921 986 3000 datum,
1007 2940 1075 3000 neo,
1102 2928 1140 2984 ut

134 3031 288 3105 famaeat,
303 3033 462 3091 extortum
475 3045 496 3088 a
508 3024 650 3089 Camillo.
686 3025 765 3088 Eius
779 3027 926 3107 abnepos,
937 3026 977 3089 ob
989 3027 1140 3090 eximiam

134 3133 284 3194 adversus
294 3130 454 3195 Graoohos
467 3149 593 3210 operam
608 3137 759 3210 patronus
769 3138 898 3194 senatus
912 3131 1026 3210 dietus,
1037 3132 1139 3195 filium

135 3237 273 3317 reliquit,
287 3255 381 3316 quem
400 3235 434 3297 in
455 3233 553 3298 simili
574 3233 770 3296 dissensione
791 3234 893 3298 multa
909 3235 996 3298 varie
1012 3235 1141 3298 molien-
1155 3251 1188 3300 ⁸

135 3348 197 3405 tem
213 3341 340 3404 diversa
352 3339 452 3403 faotio
464 3358 522 3420 per
535 3339 679 3401 fraudem
693 3338 864 3401 interemit

102 3461 124 3523 4Ἰ
175 3448 272 3508 Pater
292 3445 410 3522 Tiberi,
431 3451 580 3525 quaestor
599 3445 634 3508 G.
656 3443 801 3506 Caesaris
819 3443 1037 3509 Alexandrino
1056 3446 1142 3511 bello

136 3551 231 3614 olasei
241 3548 449 3632 praepositus,
458 3548 628 3633 plurimum
638 3548 853 3612 adriotoriam
863 3549 1008 3628 eontulit
1039 3551 1144 3625 Quare

136 3664 170 3720 et
183 3657 328 3738 pontifex
339 3657 374 3720 in
387 3655 489 3719 looum
502 3657 540 3719 P.
552 3654 711 3737 Soipionis
721 3655 914 3721 substitutus

137 3769 171 3825 u
191 3763 233 3826 m
256 3761 455 3826 amnone„
478 3762 511 3824 n
539 3760 679 3824 uuum
706 3760 856 3840 solonius,
880 3762 913 3825 n
939 3723 1084 3777 mm
1158 3775 1192 3826 o

138 3869 210 3950 quis
223 3869 332 3932 Narbo
344 3874 377 3933 et
391 3866 520 3932 Arelate
532 3873 632 3945 erant,
646 3865 762 3931 missus
775 3872 833 3931 ost
875 3867 996 3931 Tamen
1009 3866 1144 3934 caesare

138 3976 249 4054 ooeiso,
269 3973 395 4040 ounotia
416 3973 580 4038 turbarum
600 3979 689 4037 metu
714 3971 918 4038 abolitionem
941 3974 1021 4039 iaoti
1042 3974 1147 4040 dooer-
