2572 4320
92 21 1244 399 m

476 582 589 636 umsa
610 582 660 636 vu
712 581 819 638 nano.
1093 572 1162 640 187

145 757 213 833 bus,
228 756 435 837 respondente
454 755 552 833 nullo,
567 754 601 818 iu
617 755 796 819 cubiculum
813 755 920 835 rediit,
937 756 1023 821 unde
1042 755 1109 821 iam
1125 764 1162 821 ot

145 862 291 925 custodes
311 861 514 942 diffugerant,
534 861 670 943 direptis
690 862 786 925 etiam
810 861 972 942 stragulis,
993 870 1105 926 amota
1124 870 1161 927 st

145 969 263 1048 pyxide
289 967 420 1046 veneni,
451 987 487 1031 ao
515 966 625 1031 statim
658 966 821 1048 Spiculum
852 966 1081 1031 mirmillonem
1104 968 1160 1032 val

145 1072 317 1153 quemlibet
342 1073 441 1135 alium
469 1091 692 1154 percussorem,
716 1072 806 1135 onius
829 1092 925 1135 manu
952 1072 1084 1154 periret,
1111 1093 1161 1137 se·

144 1179 263 1259 quisiit,
278 1172 316 1240 'et
331 1177 458 1264 nemius
478 1185 613 1259 reperto,
631 1181 717 1258 Eupo
735 1198 797 1258 spo,
816 1177 931 1258 inquit,
949 1198 1004 1242 sec
1018 1183 1191 1244 amicans
1217 1216 1219 1220 Α

143 1287 236 1344 liabeo
255 1303 309 1345 nec
328 1284 508 1345 inimicasset
527 1282 756 1364 procurritque,
773 1283 865 1364 quasi
885 1283 1158 1364 praecipitaturus

92 1396 129 1446 48
144 1409 176 1450 se
203 1389 238 1449 in
264 1388 413 1450 Tiberim.
468 1388 531 1451 Sed
561 1394 708 1450 revocato
733 1408 843 1452 rursus
870 1387 1001 1470 impetu,
1027 1388 1158 1470 aliquid

142 1492 319 1554 secretioris
339 1491 479 1555 latebrae
499 1493 541 1555 ad
560 1492 772 1571 colligendum
787 1493 929 1556 animum
945 1491 1157 1573 desiderarit,

143 1606 174 1659 et
203 1598 355 1660 offerente
381 1598 527 1661 Phaonte
560 1597 675 1661 liberto
705 1599 919 1661 suburbanum

143 1723 232 1763 suum
256 1702 339 1764 inter
358 1702 512 1764 Salariam
530 1709 565 1764 et
582 1703 815 1766 Nomentanam
833 1702 918 1765 viam
946 1673 1129 1798 Επεὶ*
1173 1722 1205 1771 ιο

141 1808 224 1868 circa
237 1805 382 1885 quartum
402 1806 583 1883 miliarium,
598 1815 635 1869 ut
654 1817 722 1869 erat
740 1808 826 1869 nudo
839 1808 919 1888 mdo

142 1918 235 1990 atque
257 1910 426 1988 tunicatus,
450 1910 617 1992 paenulam
642 1911 777 1976 obsoleti
797 1911 911 1977 ooloris
935 1904 1154 1995 superinduit,

141 2018 353 2096 adopertoque
366 2017 470 2098 capito
484 2024 604 2080 stante
617 2017 733 2080 faciem
749 2019 879 2080 obtento
891 2019 1019 2082 sudario
1031 2039 1153 2101 equum

142 2122 308 2201 inscendit,
336 2129 487 2203 quattuor
517 2124 595 2187 solis
628 2123 864 2203 comitantibus,
891 2124 976 2188 inter
1008 2145 1091 2206 quos
1119 2134 1154 2191 et

142 2230 259 2308 Sporus
279 2234 354 2291 erat
397 2229 734 2310 Statimque—tremore
760 2237 862 2294 terrae
885 2238 920 2294 et
942 2231 1071 2311 fulgura
1099 2234 1154 2297 ad·
1169 2253 1203 2303 ss

141 2354 230 2396 verso
256 2335 451 2416 pavefactus,
479 2335 582 2399 audiit
607 2356 626 2399 e
655 2336 808 2418 proximis
838 2337 952 2401 castris
978 2337 1152 2404 clamorem

141 2441 278 2503 militum
296 2448 330 2504 et
345 2441 408 2505 sibi
426 2441 560 2506 adversa
575 2449 609 2504 et
623 2443 742 2506 Galbae
759 2463 908 2525 prospera
926 2444 1151 2525 ominantium,

141 2548 234 2608 etiarn
253 2566 293 2608 ex
312 2546 414 2610 obviis
432 2546 607 2610 viatoribus
625 2549 783 2628 quendam
796 2548 970 2612 dicentem:
991 2550 1040 2612 Hi
1052 2551 1151 2615 Nam·
1228 2615 1236 2623 ,

140 2674 207 2714 nem
224 2663 456 2732 persequuntur,
479 2654 577 2715 alium
602 2653 832 2717 sciscitantem:
864 2658 986 2734 Ecquid
1012 2658 1047 2717 r'a
1073 2659 1151 2721 rems

140 2763 210 2820 novi
223 2762 260 2822 de
274 2761 415 2822 Nerone?
455 2760 547 2841 Equo
566 2765 672 2822 autem
690 2760 785 2824 odore
803 2759 917 2824 abiecti
937 2761 971 2825 in
987 2760 1042 2826 via
1057 2763 1153 2844 cada*
1164 2780 1200 2830 a)

139 2866 222 2928 veris
249 2873 458 2944 consternato,
485 2867 612 2930 detecta
638 2861 722 2931 facie
742 2868 869 2948 agnitus
892 2875 943 2933 ost
965 2871 1149 2950 aquodam

140 2972 277 3064 missicio
298 2972 498 3053 praetoriano
519 2979 552 3036 et
576 2972 741 3038 smutatus.
783 2976 832 3039 Ut
852 2974 894 3037 ad
915 2974 1150 3040 deverticulum

139 3084 267 3139 ventum
285 3084 344 3148 est.
362 3077 503 3143 dimissis
521 3078 623 3160 equis,
640 3077 724 3143 inter
741 3079 893 3144 fruticeta
909 3100 945 3144 ao
958 3100 1071 3163 vepres
1089 3102 1150 3164 per

139 3183 317 3246 arundineti
345 3183 491 3247 senium
515 3203 607 3263 aegre
631 3203 689 3248 neo
714 3185 776 3249 uisi
800 3192 902 3250 strata
924 3188 984 3250 sub
1010 3187 1150 3268 podibus

139 3293 225 3349 veste
246 3288 288 3351 ad
309 3307 454 3352 aversum
476 3289 572 3353 villae
595 3290 747 3372 parietem
768 3292 880 3355 evasit
925 3291 978 3356 Ibi
999 3292 1149 3358 hortanto
1163 3317 1198 3365 ss

138 3392 247 3455 eodem
268 3392 422 3472 Phaonte,
444 3402 482 3459 ut
502 3395 631 3459 interim
653 3395 687 3459 iu
711 3416 839 3478 specum
863 3405 988 3478 egestae
1010 3397 1149 3463 harenae

138 3499 330 3577 concederet,
341 3500 470 3579 negavit
482 3520 514 3563 se
527 3507 630 3566 vicum
643 3504 699 3566 sut
712 3512 826 3566 terrosa
837 3507 961 3583 iturum,
972 3522 1009 3566 ac
1023 3523 1149 3584 paruus

138 3621 194 3680 per
214 3610 433 3683 commoratus,
456 3606 531 3670 dum
554 3605 771 3673 clandestinus
795 3609 837 3672 ad
859 3609 969 3673 villam
993 3608 1148 3676 introitus

138 3714 309 3789 pararetur,
323 3729 438 3792 aquam
452 3731 492 3774 ax
506 3714 648 3778 subiecta
657 3716 771 3780 lacuna
783 3723 915 3798 poturus
929 3736 1024 3779 manu
1037 3716 1148 3781 hausit

136 3820 169 3873 et
182 3815 270 3878 Haec
282 3825 334 3894 est,
345 3815 460 3898 inquit,
472 3821 605 3882 Neronis
614 3823 756 3885 wasto!
769 3822 854 3902 dein,
865 3821 991 3888 divolsa
1001 3820 1147 3887 sentibus
1162 3839 1196 3891 ω

136 3919 280 3998 paenula,
302 3921 452 3987 traiectos
476 3925 618 3990 surculos
639 3927 727 3991 rasit
775 3929 883 4009 Atque
905 3929 953 3992 ita
972 3927 1147 4010 quadripes
1213 3958 1218 3967 ·

136 4039 193 4100 1³0r
215 4026 380 4110 §usumin
403 4028 537 4094 effossas
563 4049 716 4097 cavernas
739 4039 885 4115 receptus
908 4031 943 4096 in
967 4031 1148 4116 proximam
