2572 4320
80 29 1182 351 ἓ

128 560 196 631 114
232 573 267 630 o
283 570 442 630 sorross
458 568 689 640 umorum
708 570 760 627 ns
780 569 873 626 vrrs
892 568 1096 627 ominus
1187 589 1210 639 ;.

127 762 216 818 unsa
233 771 273 818 as
291 770 402 817 rursus
421 749 654 834 supplissutsnr
670 749 766 814 iuxta
780 769 814 814 se
831 750 931 813 latere
944 750 1057 813 dextro
1071 768 1142 815 oon·

127 858 256 924 inuasit.
310 857 362 923 Ob
392 875 475 938 quae
505 857 676 939 imperatos
707 854 936 934 oonsalutatns,
963 855 1072 920 laurea
1106 855 1140 919 in

127 964 322 1047 Capitolinus
335 962 412 1042 lats,
425 962 539 1027 Ianum
557 960 718 1043 geminum
734 961 859 1041 elausit,
875 969 1037 1043 tamquam
1051 962 1140 1026 nullo
1153 974 1191 1029 1⁴

127 1069 255 1135 residuo
266 1068 359 1135 bollo.
802 1089 804 1093 ⁴

92 1190 112 1238 s
167 1172 641 1255 couniatusqnattuorgsssitr
659 1171 797 1254 primunr
808 1171 1022 1251 bimenstrem,
1034 1191 1140 1235 seeum·

353 1278 429 1342 slunr
438 1285 472 1343 et
485 1277 691 1342 novissimum
707 1283 907 1357 ssmsmrss,
921 1278 1051 1342 tertium
1066 1297 1141 1361 qus·

354 1384 592 1461 urimenstrern3
613 1381 734 1446 medios
750 1382 831 1446 ‹luos
848 1383 1055 1461 continuavit,
1069 1383 1139 1446 reli·

125 1508 208 1570 quus
224 1487 310 1552 intes
326 1507 433 1552 anum
448 1488 556 1569 spatia
572 1487 718 1551 variavit
760 1488 801 1551 Iu
817 1484 897 1552 iuris
911 1489 1050 1553 dictione
1070 1508 1139 1570 pos·
1152 1503 1189 1557 lt

125 1592 329 1672 tulatosibns,
342 1591 569 1679 uisisequsnti
587 1592 641 1656 slis
656 1611 695 1656 ao
712 1612 769 1675 per
781 1593 917 1671 libellos,
938 1613 1001 1658 non
1020 1601 1138 1658 temere

80 1710 113 1758 ss
357 1699 528 1781 rospondit
570 1699 785 1778 Cognososndi
803 1718 922 1762 rnorem
936 1719 1010 1762 eunr
1023 1701 1140 1778 tenuit,

356 1810 404 1880 nt,
416 1801 578 1866 oontiuuis
594 1803 773 1866 notionibus
797 1804 934 1881 omissis,
950 1803 1137 1884 singillatim

356 1924 500 1986 quasque
520 1925 576 1986 per
596 1906 682 1969 sioss
702 1913 817 1985 ageret
860 1908 1013 1980 Quotiens
1031 1919 1137 1971 autem

127 2012 168 2075 asl
181 2012 425 2077 oonsultandunr
441 2011 611 2089 mederet,
626 2011 776 2090 usquein
789 2031 954 2075 eommune
968 2013 1138 2093 quioqusrn

127 2136 229 2198 nsque
245 2116 408 2198 propalam
425 2116 628 2193 deliberabat
643 2115 700 2178 sed
718 2118 912 2198 oonsoriptas
927 2118 973 2180 ub
988 2137 1139 2199 unoquo

80 2235 114 2284 rs
127 2242 189 2304 qus
197 2221 373 2286 sententias
382 2222 500 2286 taeitus
513 2240 552 2285 ao
561 2228 683 2286 seomto
694 2221 811 2303 legens,
823 2224 909 2304 quod
920 2224 982 2305 ipsi
992 2223 1139 2288 libuisset

127 2329 259 2412 potin&
268 2337 365 2411 atque
377 2329 523 2412 pluribus
538 2329 622 2392 idern
638 2317 799 2392 videretur
814 2330 1047 2411 pronuntiabat.
1124 2327 1130 2343 '

169 2437 209 2499 n
221 2436 341 2499 orrum
352 2435 572 2498 suessorum
583 2434 667 2498 filio·
679 2436 734 2499 uu
747 2455 810 2498 non
825 2437 971 2517 numism
989 2421 1137 2502 soniste

127 2561 149 2606 a
163 2530 329 2625 prioribus'
340 2542 537 2624 principibus
558 2541 692 2605 honores
712 2542 889 2622 denegavit
933 2544 1135 2623 Candidatus,

128 2649 185 2733 qui
211 2669 309 2734 supra
333 2668 498 2713 numerum
529 2656 645 2730 essent,
667 2648 702 2713 in
730 2648 882 2714 solacium
911 2642 1073 2717 dilationis
1099 2658 1164 2717 so'

80 2766 114 2817 Ι
128 2777 232 2822 nsorae
248 2758 424 2839 legionibus
444 2760 635 2841 praeposuit
680 2758 884 2823 Consulatum
908 2758 941 2822 in
961 2778 1053 2824 senos
1073 2761 1137 2842 ple·

127 2885 260 2946 rumque
270 2884 393 2929 menses
403 2866 501 2928 (ledit
537 2866 758 2945 Detuneoque
773 2864 857 2928 eirea
870 2865 944 2929 Kal
958 2867 1024 2929 Ian.
1036 2867 1137 2931 altero

126 2991 147 3036 e
165 2971 357 3051 oonsulibus,
377 2971 535 3035 nemiuem
556 2971 731 3048 substituit,
755 2970 934 3052 improbans
956 2973 1133 3063 exemplum

127 3086 220 3143 setus
232 3079 346 3144 canini
361 3079 467 3142 Rebili
481 3097 545 3142 uno
558 3078 610 3142 die
623 3076 771 3141 eonsulis.
815 3077 1137 3160 Triumphalia‘orna·
1202 3115 1212 3157 ς

127 3193 236 3249 menta
247 3186 343 3249 etiarn
357 3186 556 3267 quaestoriae
571 3185 739 3264 dignitatis
752 3189 787 3246 et
800 3184 962 3249 nonnullis
975 3205 1016 3249 ex
1029 3205 1137 3268 eques·

79 3290 170 3354 utri
196 3292 307 3355 urdine
333 3292 456 3370 tribuit,
483 3312 541 3378 neu
567 3292 678 3373 ntique
706 3290 746 3353 de
774 3308 869 3353 eeusa
894 3291 1034 3356 militari.
1086 3295 1136 3358 De

126 3397 314 3481 quibusdam
329 3399 422 3464 rebus
435 3399 593 3464 orationes
606 3397 648 3461 sd
662 3405 805 3462 senatum
826 3397 949 3478 missas,
964 3395 1136 3481 praeterito

92 3548 97 3555 -
125 3506 304 3588 quaestoris
332 3506 443 3585 offloio,
470 3525 526 3588 per
556 3504 718 3569 oonsnlem
752 3503 937 3588 pleiuruque
972 3507 1133 3572 reeitabst

126 3615 273 3678 Formam
287 3613 500 3678 aedilitiorum
516 3611 603 3677 urbis
614 3622 734 3676 ‘novam
750 3613 951 3693 excogitavit,
966 3620 1000 3677 et
1012 3619 1050 3676 ut
1061 3624 1135 3678 aute
1149 3630 1188 3684 lo

126 3720 250 3785 insulas
274 3738 314 3785 as
338 3719 448 3784 domos
474 3719 613 3802 purtim
640 3724 757 3798 esunt,
780 3719 822 3785 ds
849 3739 981 3803 qusmrn
1010 3719 1135 3785 solariis

80 3836 114 3886 Ι
126 3826 484 3906 inesndiaarosrsntnr3
505 3846 621 3910 easqm
640 3834 768 3910 sumptu
790 3848 849 3893 suo
866 3827 1033 3894 emunxit
1077 3829 1137 3892 De·

126 3935 264 4001 stinarst
274 3933 373 4000 stisnr
390 3934 483 4000 Ostia
498 3941 591 4000 unos
611 3933 737 3999 moenia
754 3953 937 4017 promovere
949 3943 1047 4020 atque
1062 3937 1137 4004 inde
1164 3919 1170 3959 ⁵

125 4043 314 4117 tonsurus
327 4040 428 4105 reteri
442 4040 512 4104 urbi
526 4041 684 4105 induosrs.
835 4130 838 4135 Ι
