2572 4320
176 512 195 556 a
440 508 552 562 mne
576 509 627 562 111.
677 508 860 564 munerun
1111 498 1154 565 29

98 691 136 745 tt
189 682 315 744 Nurum
330 680 549 761 Agrippinam,
564 687 637 761 post
649 681 757 743 meriti
770 688 903 744 mortem
920 681 1052 747 liberius
1064 682 1155 763 quid·

103 787 223 849 'dnm
237 792 391 866 qnestem,
405 805 500 848 menn
513 784 724 866 apprehendit
737 786 918 866 (irneooqne
932 805 1026 849 rersn
1039 787 1079 851 Si
1091 807 1153 850 sors

149 894 319 953 dominaris
319 891 455 970 ,inquit
465 892 604 970 filiolo,
591 894 741 952 iniuriam
754 901 782 953 ts
795 895 928 969 aooiprers
951 932 998 981 m,
1009 934 1145 996 &1⁸1⁸

149 997 325 1059 saeistiorust
351 1014 409 1057 noe
432 993 499 1057 ullo
520 1014 594 1057 mox
614 1014 756 1058 sermone
778 995 926 1075 dignatus
952 1007 1039 1056 ιι-ιιν
1048 1007 1140 1099 Agrip·

149 1109 205 1164 est
245 1083 408 1173 Quondam
425 1119 499 1163 vero
516 1099 600 1162 inter
618 1111 726 1163 oenem
748 1107 928 1182 porreetee
952 1081 1011 1144 'h'
1166 1122 1184 1170 s

149 1224 183 1266 se
197 1223 290 1284 poma
302 1213 428 1282 gustare
441 1224 505 1266 non
519 1224 628 1268 ensem
644 1206 742 1269 etiarn
757 1225 866 1269 voesre
880 1207 985 1285 desiit,
999 1206 1151 1272 simulnns

149 1308 261 1373 veneni
280 1327 315 1370 se
333 1308 464 1370 erimine
481 1307 616 1384 eooersi3
640 1327 712 1370 enm
733 1316 963 1389 praestructum
982 1320 1152 1393 utrumqne

148 1399 292 1482 oons'ulto
309 1423 402 1495 esset,
416 1421 454 1479 nt
469 1421 503 1478 et
519 1413 587 1499 ipse
601 1413 778 1497 temptandi
794 1413 897 1495 gretie
908 1415 1036 1478 offerret
1048 1421 1081 1478 et
1094 1416 1153 1478 ille

149 1524 241 1604 qunsi
268 1523 480 1585 certissimum
503 1522 637 1585 exitium
661 1529 793 1586 reseret
834 1521 1015 1587 Novissime
1037 1521 1152 1586 oelnm·

148 1628 255 1692 nistns
283 1626 377 1691 modo
404 1627 446 1690 ed
474 1631 611 1690 stetuem
640 1625 777 1707 &agusti
805 1626 898 1688 modo
925 1629 967 1690 ed
995 1630 1151 1691 exereitus
1167 1645 1197 1693 ro

115 1797 118 1805 ,
148 1737 316 1815 coningere
342 1733 435 1814 velle,
462 1732 685 1799 Pandateriam
712 1732 874 1815 relegerit,
899 1732 1152 1816 eonrieientiqne

148 1843 272 1906 oeulnm
299 1861 356 1923 per
381 1841 596 1904 centurionem
623 1841 803 1904 verberibus
829 1825 1151 1918 osmund-Rursus

149 1949 227 2011 mori
255 1948 362 2015 inedia
388 1948 571 2026 destinanti,
595 1949 741 2029 pervim
768 1967 821 2011 ore
844 1947 983 2026 didneto,
1008 1948 1151 2011 infulciri

148 2054 252 2116 eibum
273 2053 376 2116 iussit
418 2054 534 2117 Sedet
557 2062 808 2135 perseverantem
835 2060 930 2134 etque
956 2054 1005 2117 ite
1030 2055 1152 2118 obsum·

149 2168 236 2241 ptem
262 2158 520 2223 criminosissime
548 2158 720 2223 insectatus
743 2166 802 2238 est,
823 2178 895 2223 oum
918 2159 1003 2222 diem
1027 2180 1151 2241 quoque
1167 2172 1197 2222 ιε

149 2266 287 2330 natalem
311 2266 380 2329 eius
401 2266 485 2329 inter
505 2266 647 2330 nefastos
668 2266 868 2329 referendum
888 2267 1049 2330 annuisset
1091 2268 1153 2329 Im·

149 2374 275 2455 putavit
287 2373 393 2452 etiam,
404 2374 488 2455 quod
498 2392 562 2436 non
575 2373 687 2455 laqueo
697 2371 925 2453 strangulatum
936 2372 970 2436 in
981 2372 1151 2437 Gemonias

148 2479 311 2558 abiecerit,
334 2499 453 2560 proque
466 2479 525 2541 teli
544 2478 712 2543 elementis
728 2479 886 2561 interponi
904 2480 1063 2543 deoretnm
1083 2500 1153 2561 pns-

148 2604 202 2647 sns
226 2591 284 2663 est,
306 2603 370 2665 quo
390 2584 453 2647 sibi
478 2585 597 2662 gratiae
621 2592 789 2664 egerentur
813 2591 847 2647 et
873 2585 1053 2664 Capitolino
1079 2587 1152 2649 Iovi

147 2687 264 2749 donum
278 2706 318 2749 ex
332 2706 409 2749 suro
422 2694 606 2750 oneraretur.
1166 2699 1200 2749 s)

95 2802 134 2856 tt
188 2791 321 2853 ennox
335 2791 523 2854 Germanioo
539 2798 604 2854 tres
621 2799 761 2872 nepotes,
779 2794 937 2855 Neronem
958 2800 992 2855 et
1012 2795 1150 2856 Drusum

147 2900 180 2954 et
199 2893 322 2971 Gaium,
337 2912 377 2956 ex
394 2894 499 2956 Druso
519 2914 616 2956 unum
636 2894 797 2957 Tiberium
818 2895 957 2972 heberet,
978 2897 1151 2960 destitutus
1202 2927 1205 2930 >

147 3003 248 3058 morte
261 2995 430 3065 liberorum
445 2997 599 3060 maximos
609 3003 687 3059 netu
697 2997 737 3060 de
747 2998 926 3061 Germnniei

147 3099 234 3177 tiliis,
248 3101 406 3188 Neronem
419 3109 454 3163 et
469 3101 618 3178 Drusum,
632 3101 775 3183 patribus
793 3100 926 3164 oonsori·
948 3063 995 3112 ω’
1010 3065 1150 3125 ‘mm

148 3204 213 3283 ptis
232 3204 465 3267 commendavit
484 3203 631 3285 diemque
651 3203 816 3285 utriusque
837 3204 975 3267 tiroeinii
991 3204 1150 3285 congiario
1165 3221 1199 3269 ss
1230 3227 1233 3234 ·

147 3307 251 3390 plebei
273 3309 349 3374 deto
369 3307 547 3374 celebravit
590 3308 652 3371 Sed
675 3315 713 3371 ut
732 3308 894 3389 oompsrit,
916 3309 1044 3372 ineunte
1067 3327 1150 3371 enno

148 3436 205 3498 pro
219 3394 330 3481 eornm
348 3435 473 3499 quoque
489 3415 592 3481 sulute
605 3416 731 3498 publioe
745 3422 819 3479 vote
831 3422 985 3497 snsoopto,
999 3413 1066 3495 epit
1079 3432 1149 3477 enm
1213 3429 1217 3442 ·

148 3531 269 3601 senatu,
293 3545 355 3586 nors
378 3528 483 3588 debere
505 3529 583 3589 talin
605 3527 749 3603 proemio
771 3525 865 3587 tribui
887 3525 950 3586 nisi
972 3524 1101 3602 srpsrtis
1124 3531 1152 3592 et

147 3626 243 3692 detnts
260 3633 429 3710 pmssetis:
457 3637 552 3711 etque
574 3648 614 3693 ex
635 3649 682 3707 eo,
704 3630 865 3712 peteieots
883 3628 1033 3692 interiore
1052 3627 1152 3690 enimi

149 3736 198 3798 sni
209 3744 292 3815 notu,
302 3736 440 3800 omnium
452 3735 725 3801 oriminstionibns
734 3735 886 3799 obnoxios
896 3733 1045 3810 reddidit,
1053 3731 1154 3795 veris·
1167 3747 1200 3798 so

147 3861 209 3929 pue
229 3843 341 3909 imnde
361 3840 518 3921 indnotos,
538 3846 577 3904 nt
595 3840 629 3904 et
648 3841 880 3903 oonoiterentur
899 3841 941 3903 nd
959 3837 1102 3902 oonriois
1118 3842 1154 3900 et

125 3952 289 4022 munsteri
305 3950 534 4042 proderentur,
554 3945 716 4021 nouerit
735 3965 792 4038 por
811 3943 937 4015 littores
956 3941 1154 4012 snsrissims
