2572 4320
502 445 627 523 ,arnna
649 445 699 500 vs
748 447 855 502 asso.
921 416 926 424 ’
1124 358 1229 508 1st

111 618 114 625 ’
188 640 313 684 mamm
333 617 507 682 virtutibus
528 617 624 697 Nero,
644 624 682 682 ut
701 624 808 682 tamen
827 620 908 684 vitia
927 621 1080 706 uniusque
1100 615 1181 708 qussi

155 738 173 792 s
187 727 306 790 tradita
318 730 351 787 et
364 724 506 804 ingenita
516 723 683 787 rettulerit
720 727 769 790 Ut
779 726 877 806 igitur
890 727 985 809 paulo
995 728 1095 795 altius
1108 751 1183 815 rapa

186 841 261 909 tam,
275 839 388 894 atavus
406 829 475 893 eius
495 830 552 893 (im
567 830 728 892 Domitius
747 831 783 892 in
802 833 965 896 tribunatu
1087 862 1091 869 ·

187 937 388 1022 pontificibus
412 935 570 1015 offensior,
591 936 676 1020 quod
697 937 796 1001 alium
816 957 911 1021 quam
931 958 965 1004 se
988 908 1181 1050 w

187 1049 219 1109 in
234 1045 398 1128 patrissui
414 1043 517 1108 looum
535 1051 743 1126 oooptussent,
757 1045 808 1111 ius
827 1047 974 1112 saeardo·
988 1061 1119 1114 dlas's
1204 1071 1220 1120 ι

187 1160 254 1213 tum
271 1150 539 1228 subrogandorum
555 1169 576 1213 s
593 1150 735 1229 oollegiis
752 1151 794 1214 ad
814 1153 964 1234 populum
987 1140 1168 1260 am

187 1255 359 1333 transtulit,
374 1260 409 1318 at
424 1254 459 1316 in
479 1254 645 1318 eonsulatu
666 1255 888 1337 Allobrogibus
908 1258 965 1320 Ar·

187 1342 352 1441 vernisque
379 1360 546 1441 superatis,
572 1360 743 1441 elephanto
772 1380 828 1442 per
858 1364 1049 1443 provineiam
1080 1376 1193 1433 reatus

187 1472 245 1541 est,
259 1465 352 1527 turba
365 1464 501 1527 militum
517 1464 608 1545 qussi
627 1463 711 1526 inter
728 1465 895 1528 sollemnia
913 1467 1066 1550 triumphi
1089 1490 1194 1552 prose·

188 1577 309 1649 quente.
352 1571 392 1630 Iu
406 1569 490 1631 buno
506 1569 591 1631 dixit
607 1570 751 1632 Licinius
767 1570 900 1633 Crassus
919 1579 1030 1651 amtor,
1044 1596 1109 1637 eoa
1128 1597 1193 1640 esse
1209 1593 1229 1641 sl

187 1677 373 1751 mirandum,
394 1676 476 1752 quod
493 1692 621 1736 amaeam
636 1676 763 1736 barbam
782 1676 910 1754 tabem,
924 1678 974 1736 eui
992 1696 1027 1738 os
1040 1680 1191 1759 smus,
1216 1683 1218 1686 ’

188 1801 238 1842 eor
255 1781 430 1858 plrsmbeam
453 1789 536 1842 emet.
589 1779 697 1844 Huius
716 1779 803 1844 filius
823 1788 948 1862 praetor
967 1782 1001 1845 (i.
1023 1782 1192 1850 Caesarem

187 1887 352 1947 abeuntem
379 1886 554 1966 consulatu,
579 1905 673 1967 quem
696 1886 848 1950 adversus
874 1887 1016 1968 suspitia
1041 1889 1194 1973 legesque

188 1991 320 2069 gessisse
343 1989 593 2070 existimabatur,
614 1992 654 2054 ad
678 1991 931 2073 disquisitionem
953 2002 1081 2060 senatus
1103 2017 1193 2063 voua-

189 2098 252 2175 vit;
288 2117 361 2159 mox
388 2097 498 2161 consul
526 2099 745 2179 imperatorem
773 2099 813 2162 ab
839 2100 1028 2164 exercitibus
1054 2103 1229 2171 Gallicisu

188 2202 345 2265 retrahere
359 2204 537 2283 temptavit,
552 2222 773 2285 suoeessorque
786 2205 816 2266 ei
834 2206 1074 2284 perfectionem
1090 2210 1192 2271 nomi·

187 2313 288 2384 natus,
317 2307 474 2389 principio
496 2308 601 2372 uirilis
630 2308 706 2371 belli
732 2309 773 2371 ad
800 2309 971 2373 Corfinium
994 2317 1106 2392 eaptus
1130 2321 1188 2376 est.

189 2412 282 2475 Unde
295 2412 446 2477 dimissus
461 2414 671 2477 Massiliensis
685 2414 846 2478 obsidione
862 2414 1032 2479 laborantia
1047 2436 1120 2480 enm
1137 2419 1191 2482 ad·

187 2498 283 2579 ventu
297 2538 355 2581 suo
367 2520 593 2596 confirmasset,
608 2527 736 2600 repente
750 2520 905 2598 destituit,
918 2520 1044 2600 aoiaque
1061 2522 1188 2587 demum

187 2621 370 2686 Pharsalioa
382 2626 546 2703 ooeubuit;
568 2625 733 2706 virusque
748 2625 827 2688 satis
844 2632 992 2689 constans
1007 2631 1040 2688 et
1059 2626 1189 2706 ingenio
1204 2644 1229 2692 ¹

186 2727 276 2803 truci,
287 2728 321 2788 in
332 2728 550 2809 desperatione
563 2750 667 2792 rerum
681 2738 814 2793 mortem
827 2731 940 2793 timore
952 2731 1127 2812 appetitam
1142 2733 1188 2796 ita

187 2831 323 2912 expavit,
338 2840 376 2896 ut
393 2833 540 2898 haustum
557 2854 713 2897 venenum
729 2835 923 2916 paenitentia
937 2836 1108 2899 evomuerit
1126 2857 1188 2900 me·

186 2937 353 3019 dicamque
363 2941 590 3020 manumiserit,
601 2942 686 3022 quod
696 2942 757 3005 sibi
768 2943 905 3023 prudens
915 2961 953 3005 ao
965 2943 1067 3006 solens
1080 2942 1187 3007 miuus

187 3046 313 3112 noxium
336 3055 557 3134 temperasset„
600 3049 806 3118 consultante
828 3057 932 3115 autem
955 3049 1010 3117 (lu.
1035 3050 1187 3135 Pompeio
1219 3141 1222 3146 ‚

179 3141 225 3215 'de
241 3155 355 3218 mediis
372 3177 409 3220 ao
425 3166 568 3222 neutram
590 3166 711 3241 partem
731 3159 944 3241 sequentibus,
957 3158 1043 3222 solus
1061 3159 1188 3224 tensuit
1200 3177 1229 3226 Ι

187 3257 324 3320 hostium
338 3263 651 3326 numerohabendoa
1074 3257 1080 3268 ’

156 3371 174 3423 3
225 3362 369 3445 Reliquit
382 3365 486 3429 filium
500 3369 645 3432 omnibus
658 3367 762 3448 gentis
776 3387 851 3431 suae
865 3366 972 3449 proeul
986 3367 1082 3431 dubio
1099 3387 1187 3448 prae·

187 3465 360 3530 ferendum.
420 3472 455 3533 Is
479 3472 563 3534 inter
584 3473 725 3534 eonsoios
747 3472 951 3534 Caesarianae
972 3472 1058 3534 neois
1079 3491 1188 3552 quam·

186 3584 279 3646 quam
301 3569 409 3635 insons
430 3573 599 3637 damnatus
617 3574 686 3653 lege
704 3574 813 3651 Pedia,
830 3593 901 3636 oum
921 3573 963 3636 ad

187 3671 330 3734 Cassium
344 3677 775 3759 Bmtumquesepropinqna
783 3678 845 3740 sibi
854 3697 964 3756 augna-
987 3654 1172 3790 mm*
1201 3694 1229 3743 m

187 3772 272 3837 tione
290 3776 413 3842 innotos
433 3782 628 3858 eontulisset,
643 3787 715 3861 post
734 3781 899 3860 utriusque
919 3780 964 3842 iu-

187 3877 315 3941 teritum
339 3880 472 3945 classem
494 3884 571 3946 olim
592 3882 790 3947 uommissam
810 3882 950 3978 retinuit,
970 3881 1187 3959 suxitstiam,
