2572 4320
437 535 549 589 mssa
571 536 625 588 111.
674 534 857 590 mnams.
1108 523 1152 591 sl

135 671 222 771 ‘inde
241 708 275 770 in
295 707 487 788 obiurgando
504 706 669 790 appellans
688 726 759 770 eum
777 709 871 790 πηλὸν
885 709 983 787 adun
995 707 1154 788 πφνμμί
1215 766 1222 776 .

149 843 196 881 νον
212 814 263 897 [id
277 821 328 877 est
339 812 441 876 lutum
456 834 476 877 a
489 813 641 892 sanguine
655 815 873 897 maceratum]
916 813 978 876 Sed
988 811 1154 893 aliquanto

149 922 249 1000 magis
268 920 303 983 in
323 919 466 1002 prinoips
484 918 596 999 eluxit,
610 919 708 983 etiam
732 918 816 981 inter
836 917 931 981 initia

149 1047 219 1090 oum
241 1027 344 1089 alhuo
366 1026 504 1088 favorem
521 1025 684 1088 bominum
705 1024 930 1089 moderationis
957 1058 1126 1122 0¹⁸¹st

149 1131 352 1197 simulatione
383 1137 532 1211 raptaret
569 1131 736 1208 Semrarn,
763 1129 819 1210 qui
846 1148 933 1211 prae·
958 1134 1134 1196 miv&
1172 1152 1190 1200 s

150 1246 293 1301 tereunte
331 1238 443 1300 iuuere
478 1236 563 1300 elars
599 1243 722 1298 mortuo
755 1235 931 1314 mandarat,
957 1209 1059 1269 Μ’
1161 1282 1167 1292 .

149 1350 187 1404 ut
200 1343 363 1405 nuntiaret
385 1343 541 1420 Augusto,
564 1346 700 1404 nondum
723 1345 812 1403 reddi
837 1345 936 1422 leonto
960 1364 1038 1423 qaae
1056 1348 1158 1424 plebei
1209 1349 1214 1355 “

149 1451 325 1526 mimium,
341 1447 517 1510 adtractum
534 1445 575 1508 sd
595 1464 629 1508 se
647 1445 785 1526 recipere
803 1445 946 1508 debiturn
966 1447 1100 1529 dueique
1114 1451 1157 1512 ad

150 1552 340 1632 supplioium
361 1551 539 1632 imperarit,
553 1557 588 1613 st
607 1549 698 1630 patri-
711 1569 768 1613 suo
788 1568 899 1613 verum
920 1552 1046 1615 referre
1087 1554 1157 1617 Neo

149 1657 250 1719 multo
272 1662 345 1738 post
369 1655 403 1718 in
427 1662 540 1718 senatu
563 1655 715 1735 Pompeio
735 1656 861 1719 euidam
885 1656 985 1737 equiti
1013 1659 1158 1722 Romano
1174 1671 1207 1719 lo

149 1762 301 1843 quiddam
329 1758 524 1842 perneganti,
552 1759 628 1822 dum
655 1759 784 1822 vineola
813 1761 962 1838 minatur,
989 1762 1158 1826 affinnavit

150 1867 228 1942 fore,
242 1875 276 1926 ut
289 1885 326 1926 ea·
344 1868 489 1942 Ροιιιρόο
506 1867 712 1942 hamtonae
723 1868 813 1943 fieret
826 1867 939 1929 nesrba
955 1866 1157 1932 cavillatione

149 1968 244 2033 simul
261 1952 401 2030 bominis
416 1986 530 2029 nomen
550 1966 710 2030 inoessens
724 1974 929 2050 veterumque
943 1973 1081 2050 partium
1094 1973 1159 2035 ior·

98 2083 137 2134 ss
150 2081 268 2135 tunam.
312 2072 378 2134 Sub
392 2071 474 2134 idem
489 2076 624 2152 tempus,
635 2071 818 2140 oonsulents
833 2080 974 2153 praetore
987 2093 1029 2136 au
1040 2075 1160 2139 iudieia

150 2178 326 2242 maiestatis
349 2177 418 2256 eogi
440 2177 571 2254 iuberet,
589 2179 778 2241 exornandas
797 2198 868 2241 esse
890 2179 975 2258 leges
994 2182 1209 2260 responditis

150 2291 182 2346 et
200 2283 396 2347 atronissirne
417 2281 567 2345 exorauit
611 2282 742 2346 Statuas
760 2281 890 2364 quidam
908 2284 1045 2363 Augusti
1062 2292 1159 2365 eaput

149 2389 338 2468 dempserat,
361 2394 397 2449 ut
416 2386 547 2450 alterius
568 2386 760 2466 imponeret;
788 2394 859 2451 aeta
878 2409 928 2452 res
941 2388 973 2450 iu
989 2397 1101 2453 senatu
1115 2399 1158 2469 et,

149 2493 225 2576 quia
244 2491 470 2572 ambigebatur,
485 2509 541 2572 per
562 2497 720 2554 tormenta
737 2493 881 2572 quaesita
899 2499 957 2556 sat
999 2495 1160 2558 Damnate

149 2619 202 2661 reo
221 2598 375 2680 paulatim
398 2616 495 2677 genus
513 2596 689 2661 calumniae
704 2616 743 2659 eo
759 2597 919 2679 prooessit,
934 2603 971 2662 ut
989 2597 1067 2662 haee
1084 2619 1161 2682 quo·

149 2725 210 2786 qus
228 2704 381 2786 oapitalia
399 2709 520 2766 essent.
546 2703 632 2766 eirea
647 2702 787 2780 Augusti
808 2703 1010 2768 simulacrum
1029 2726 1159 2771 servum
1175 2721 1211 2770 w
1233 2728 1252 2803 ι]

148 2810 310 2887 esoidisse,
325 2808 515 2872 vestimenta
534 2815 683 2887 mutasse,
698 2827 826 2870 nummo
843 2809 894 2871 vel
913 2810 1009 2873 anulo
1021 2792 1188 2890 effigiam-

149 2915 334 2994 impressam
356 2913 490 2977 latriuae
511 2920 567 2977 aut
585 2914 731 2994 lupanari
747 2914 905 2994 intulisse,
919 2915 1037 2978 dietum
1054 2915 1188 2981 ullrun.

148 3021 309 3083 laetumve
327 3019 396 3081 eius
415 3018 650 3082 existimatione
663 3019 772 3100 aliqua
788 3010 926 3084 laesisse.
959 3022 1161 3087 Periitdsni·

147 3145 208 3206 quo
221 3129 254 3188 et
268 3121 306 3203 is,
321 3124 376 3205 qui
397 3123 547 3187 honorem
570 3123 603 3186 in
622 3124 747 3187 oolouia
761 3144 820 3189 sua
836 3127 945 3188 eodem
959 3126 1011 3189 dis
1026 3126 1160 3192 dsosrni

146 3225 207 3295 sibi
222 3250 335 3313 passus
349 3235 409 3310 est,
425 3249 489 3312 quo
503 3229 621 3294 deoreti
635 3236 669 3293 st
682 3230 828 3312 Augusto
840 3230 917 3293 olim
931 3238 1031 3294 erant
1172 3255 1206 3307 ι

48 3300 64 3388 i
95 3345 133 3395 sa
187 3336 293 3398 Multa
314 3343 477 3417 praeterea
495 3337 599 3419 speeie
619 3336 786 3418 gravitatis
808 3356 845 3401 ao
867 3357 931 3401 mo·

147 3437 217 3501 rum
245 3439 508 3519 eorrigeudorum,
533 3442 590 3505 sed
613 3448 648 3506 st
675 3444 776 3522 magis
799 3396 1097 3522 nemmefflui'*

146 3545 375 3626 obtemperans,
393 3547 442 3610 ita
462 3565 555 3611 saeve
584 3553 618 3611 et
636 3549 786 3612 atrooitsr
806 3547 931 3611 inolita·
953 3545 1060 3609 ⁸1¹¹ss

145 3650 202 3728 vit,
219 3655 258 3712 ut
281 3652 427 3716 nonnulli
450 3653 617 3718 versieulis
640 3673 764 3736 quoque
787 3662 821 3718 et
844 3670 930 3736 prae·
953 3619 1071 3673 m
1182 3738 1185 3744 Ι

146 3755 251 3819 sentia
283 3760 511 3841 exprobrarent
539 3766 573 3822 et
602 3759 715 3824 intrrra
743 3758 968 3823 denuntiarent
996 3759 1101 3826 malae
1175 3776 1245 3853 w,

218 3905 981 3984 Ametimsnilts,'brauttsrrlaomniadiossol
1223 3856 1252 3985 Ξ,

247 4012 881 4097 οιιμηαμωωωιωηιαα
1081 4115 1087 4125 ,
1221 3994 1252 4047 ⁵
