2572 4320
151 622 230 690 118
265 630 300 687 a
319 630 478 687 sumum
494 630 726 698 meremur
744 631 797 685 nn
815 630 908 685 vrrs
927 632 1131 686 csmsnmr
1217 646 1240 713 ς,

154 804 302 870 militem
313 802 455 886 positum
468 802 510 865 ad
522 802 702 866 eustadium
715 801 832 880 aditus,
845 820 916 865 oum
931 821 1003 865 eum
1017 801 1124 866 ornari
1136 821 1175 866 ao

157 909 281 974 vinoiri
305 908 438 986 eatenis,
465 906 551 972 siout
575 914 798 987 ammentum
824 906 1016 990 postulabat,
1040 908 1173 987 videret,

157 1014 340 1079 marsiae
358 1013 510 1077 &rendae
527 1013 600 1094 opis
619 1012 731 1092 gratis.

203 1120 369 1201 Equorum
381 1117 490 1181 studio
502 1117 554 1181 vel
567 1117 735 1199 praeoipoe
751 1118 793 1181 ab
805 1117 934 1181 ineunte
947 1123 1051 1181 aetate
1064 1118 1174 1199 flagra
1185 1126 1224 1182 tt

111 1243 140 1291 ι
159 1227 225 1303 vit,
238 1224 456 1305 plurimusque
472 1222 522 1285 illi
539 1241 653 1300 sermo,
665 1241 855 1303 quamquam
874 1229 1044 1300 vetaretur,
1057 1224 1098 1285 de
1115 1223 1173 1286 ein

389 1326 538 1389 oeusibus
545 1332 629 1403 erat,
649 1331 684 1389 et
692 1326 850 1406 quondam
861 1333 998 1388 uantum
1010 1326 1170 1406 prusinum

390 1431 577 1511 agitatorem
586 1430 910 1512 interoondisoipulos
919 1431 1172 1514 querens,obiur·

157 1404 323 1458 mh

157 1485 255 1534 hut

390 1544 486 1619 ganta
504 1536 695 1620 paedagogo,
708 1537 749 1600 ds
764 1536 902 1600 Hestere
919 1556 953 1601 se
969 1536 1057 1619 loqui
1070 1557 1172 1602 emen·

158 1645 247 1707 titus
264 1648 324 1707 est
367 1643 430 1707 Sed
452 1661 526 1705 oum
549 1642 635 1704 inter
657 1641 753 1704 initia
775 1641 902 1723 imperii
925 1642 1072 1705 eburneis
1097 1661 1173 1723 que·

96 1763 145 1814 n
158 1748 267 1828 drigis
280 1747 399 1812 eotidis
415 1748 450 1811 iu
465 1748 564 1812 abano
578 1745 712 1826 luderet,
725 1746 767 1809 ad
785 1746 890 1810 omnis
907 1746 1004 1810 etiam
1023 1746 1171 1809 minimos

158 1856 321 1917 dissum
339 1872 360 1917 e
378 1872 504 1917 nosssn
523 1852 728 1926 wmmeabst,
742 1851 845 1932 primo
863 1851 955 1930 elan,
969 1851 1083 1914 deinde
1103 1870 1172 1932 pro-

160 1958 289 2042 palam3
310 1965 347 2021 ut
359 1957 479 2021 nemini
492 1957 626 2021 dubium
638 1964 732 2036 esset,
746 1976 784 2019 eo
797 1958 849 2020 die
864 1957 974 2039 utique
988 1956 1169 2019 affuturum.
1238 2011 1240 2016 .

158 2066 277 2146 Neque
300 2064 524 2127 dissimulabat
548 2064 629 2128 velle
656 2083 690 2128 se
718 2064 892 2144 pulmarum
917 2082 1082 2125 numerum
1108 2082 1172 2143 am·

160 2169 283 2251 plius,
303 2189 400 2250 quare
408 2170 622 2250 speotaoulurn
632 2167 852 2250 multiplicatis
862 2168 1012 2230 missibus
1022 2168 1056 2230 in
1066 2186 1170 2230 serum

103 2291 146 2342 1⁸
161 2274 470 2358 prensionem
484 2274 761 2354 dominisquidem
776 2273 839 2336 iam
854 2274 1028 2337 faotionum
1042 2273 1171 2352 dignan-

160 2381 252 2445 tibus
267 2381 330 2444 nisi
346 2380 388 2443 ad
403 2381 504 2444 totins
522 2379 586 2442 diei
605 2399 731 2443 eursum
750 2368 859 2459 propes
878 2380 1001 2442 dueere.
1042 2381 1119 2441 Mox
1138 2386 1171 2441 et

162 2487 234 2567 ipse
249 2486 394 2566 aurigare
411 2493 508 2567 atque
523 2484 618 2548 diam
638 2485 774 2565 speeteri
791 2485 917 2565 saepius
930 2484 1041 2563 voluit,
1057 2471 1172 2567 posito

161 2610 227 2675 que
241 2592 275 2655 in
287 2591 390 2656 lrortis
400 2590 485 2654 inter
493 2591 626 2656 servitia
634 2597 667 2654 et
677 2590 836 2655 sordidam
846 2590 969 2672 plebem
983 2592 1171 2675 rudimento,

162 2699 383 2760 universorum
401 2716 435 2761 se
454 2697 554 2760 oeulis
573 2697 607 2759 in
625 2697 718 2758 Ciroo
735 2695 876 2758 Maximo
891 2697 1046 2776 praebuit,
1063 2700 1171 2779 aliquo

108 2815 149 2865 n
162 2801 282 2865 liberto
294 2802 444 2865 mittente
462 2822 609 2884 mappam
628 2802 713 2864 unde
733 2801 937 2880 magistratus
951 2801 1062 2865 solent
1103 2803 1171 2867 Neo

162 2914 333 2970 eontentus
364 2908 476 2970 hanrm
503 2909 617 2970 artium
646 2907 864 2986 experimenta
890 2907 1008 2968 Romae
1035 2907 1170 2985 dedisse,

162 3011 330 3089 sensnm,
348 3018 386 3074 nt
405 3012 556 3089 diximus,
574 3012 665 3093 petit,
687 3012 762 3074 hine
783 3011 919 3073 maxime
940 3019 1061 3075 motusr
1083 3013 1172 3077 insti·

163 3123 294 3181 merant
314 3117 473 3197 eivitates,
497 3119 581 3200 apud
604 3137 685 3201 ques
707 3117 821 3181 musici
844 3135 961 3196 agones
982 3117 1033 3180 edi
1057 3117 1169 3199 solent,
1231 3156 1239 3165 -

163 3242 275 3287 omnes
301 3224 551 3289 dthuoedorum
579 3245 709 3290 eoronas
735 3225 904 3307 adipsum
930 3225 1064 3288 mittero.
1106 3228 1170 3290 Eas

112 3348 149 3397 Ι
162 3329 245 3393 :deo
266 3337 356 3410 grate
378 3332 563 3414 recipiebat,
580 3339 617 3397 nt
638 3333 769 3414 legatos,
791 3333 846 3414 qui
871 3332 1086 3415 pertulissent,
1106 3353 1170 3396 nou

164 3435 261 3498 modo
281 3435 400 3519 primos
424 3439 614 3517 admitteret,
635 3440 690 3502 sed
713 3440 811 3503 etiam
836 3438 1047 3503 familiaribus
1067 3440 1171 3519 epulis

163 3539 388 3623 interponeret
428 3545 459 3607 Δ
480 3544 667 3626 quibusdam
689 3564 729 3608 ex
751 3545 803 3609 his
823 3552 951 3624 rogetus
970 3551 1008 3607 ut
1027 3550 1171 3607 eautaret

68 3675 77 3686 ·
164 3665 261 3729 supet
273 3667 393 3727 uenam,
402 3657 614 3732 exceptusque
625 3651 767 3730 effusius,
777 3655 856 3715 solos
868 3657 944 3715 seire
953 3655 1061 3715 audire
1078 3653 1171 3716 Oroe-

163 3800 316 3864 ΔΜ.
390 3775 449 3833 eos,
463 3759 800 3836 mimeessetetudlls
812 3759 1059 3840 seisdipeosait
1101 3759 1170 3822 Neo

111 3873 149 3923 n
163 3876 341 4000 aab
390 3863 586 3945 protentione
621 3863 731 3942 dilata,
763 3874 801 3929 ut
832 3866 970 3947 primum
997 3864 1168 3948 Cassiopen

390 3967 526 4045 msieeit,
544 3967 654 4031 statim
672 3969 714 4032 ad
730 3988 817 4033 arem
834 3969 922 4033 Ievis
939 3968 1026 4032 Casii
1042 3975 1170 4031 murare

163 4069 902 4162 nuspiostuaosrtsminsdeinospsebiitomnia
943 4072 1028 4138 liam
1042 4078 1076 4136 et
1089 4079 1221 4154 quaest
