2572 4320
402 559 514 612 mssa
536 556 586 612 rs.
639 559 670 614 c.
693 547 890 616 cssrbms,
1005 522 1010 536 ’
1069 553 1157 648 ,69

148 740 290 798 senserat
309 751 346 795 ac
366 731 500 795 subinde
519 732 559 794 de
580 749 706 794 naemu
725 732 827 812 deque
846 734 1155 817 purgandocerebrc

147 837 306 917 cogitavit
343 836 490 900 Creditur
499 836 680 916 potionatus
691 854 711 915 a
724 835 877 899 Caesonia
888 856 986 901 uxore
999 840 1155 904 amatorio

148 940 682 1023 quiderumedioameutc,sedquod
695 939 876 1004 infusorem
888 942 1027 1006 vertent
1069 943 1154 1007 Iuci-

149 1050 274 1112 tabatnr
288 1044 445 1109 insomnia
459 1044 614 1124 maxime,
635 1065 737 1126 usque
752 1046 837 1108 euim
852 1046 1032 1129 plusquam
1045 1049 1152 1114 tribus

148 1154 308 1218 nocturnis
318 1153 406 1217 boris
414 1152 650 1235 quiescebat,ac
661 1172 701 1215 ne
712 1152 752 1216 iis
760 1152 888 1235 quidem
898 1153 1023 1236 placida
1031 1156 1184 1238 quietae
1212 1180 1214 1184 ·

148 1264 203 1324 sed
217 1261 334 1340 pavida
350 1259 441 1322 miris
455 1278 559 1322 rerum
578 1258 778 1338 imaginibus,
796 1267 834 1324 ut
851 1260 905 1339 qui
928 1261 1012 1325 inter
1028 1269 1151 1328 secem

148 1366 249 1447 pelagi
281 1365 439 1444 quondam
468 1363 606 1444 speciem
636 1364 875 1445 conloquentem
910 1384 1013 1428 secum
1040 1367 1151 1431 sidere

149 1473 233 1533 visus
252 1470 304 1532 sit.
347 1470 485 1549 Ideoque
506 1488 619 1548 magna
635 1476 724 1550 parte
742 1469 844 1532 noctis
857 1470 985 1551 vigilius
1002 1472 1152 1535 cubandi·

147 1597 206 1656 que
221 1576 326 1638 taedio
339 1594 423 1637 nuno
436 1583 506 1637 toro
522 1574 673 1652 residens,
687 1594 771 1638 nunc
791 1594 847 1654 per
863 1574 1063 1654 longissimas
1080 1597 1152 1659 por·

146 1684 228 1744 ticus
250 1700 346 1759 vagus
372 1681 516 1743 invocare
540 1679 712 1742 identidem
733 1689 827 1760 etque
848 1689 1027 1762 exspectare
1044 1681 1149 1746 lucem
1166 1691 1198 1739 aa

147 1793 319 1849 consuerat
1247 1771 1249 1775 Ι

95 1897 130 1948 el
185 1892 258 1950 Non
280 1889 439 1950 immerito
457 1888 573 1950 mentis
587 1887 764 1950 valetudini
785 1889 983 1952 attribuerim
1002 1891 1151 1954 diversis-

145 1993 226 2053 sima
245 1993 278 2052 in
299 1993 407 2054 eodem
426 1992 513 2068 vitia,
525 2011 679 2053 summam
699 1992 922 2055 confidentiam

145 2103 177 2156 et
200 2103 308 2158 contra
332 2096 465 2158 nimium
491 2102 618 2157 metum.
660 2096 744 2159 Nam
768 2096 823 2177 qui
847 2096 921 2159 deos

145 2208 234 2261 tante
252 2220 344 2281 opere
362 2206 584 2276 contemneret,
599 2202 639 2263 ad
660 2200 793 2261 minima
812 2202 951 2261 tonitrua
968 2206 1001 2261 et
1019 2198 1149 2277 fulgura
1164 2210 1209 2259 ιο·

143 2306 296 2381 conivere,
313 2311 409 2383 caput
423 2303 600 2380 obvolvere,
619 2305 658 2365 ed
672 2322 746 2365 vero
763 2304 883 2367 maiora
897 2304 1054 2384 proripere
1072 2323 1107 2366 se
1126 2322 1146 2366 e

144 2415 244 2469 strate
264 2409 323 2471 sub
348 2409 526 2488 lectumque
552 2408 685 2469 condere
712 2406 842 2470 solebat.
889 2407 1147 2487 Peregrinatione

144 2513 270 2589 quidem
294 2512 451 2574 Siciliensi
474 2511 576 2574 irrisis
600 2511 733 2573 multum
756 2511 893 2573 locorum
916 2511 1085 2588 miraculis,
1101 2531 1148 2572 re·

144 2625 236 2696 pente
251 2637 270 2679 a
287 2619 434 2679 Messana
450 2624 544 2678 noctu
558 2616 699 2697 profugit
713 2617 845 2678 Aetnaei
860 2615 988 2678 verticis
1007 2616 1095 2677 fumo
1107 2634 1146 2678 ac

143 2740 301 2784 murmure
321 2722 514 2803 pavefactus.
557 2721 720 2785 Adversus
741 2721 889 2784 barbaros
907 2738 1031 2801 quoque
1048 2720 1146 2799 mina·
1160 2729 1194 2778 a)

142 2828 295 2906 sissimus,
309 2846 379 2890 curn
400 2834 489 2890 traua
508 2827 655 2889 Rhenum
673 2828 757 2888 inter
770 2827 932 2905 angustias
950 2826 1145 2905 densumque

143 2957 253 3017 cgrnon
267 2935 327 3002 iter
341 2935 452 3004 essedo
462 2934 589 3017 iaceret,
601 2932 724 3002 ‹liceneo
736 2931 872 3020 quodum
883 2952 945 3000 non
957 2930 1142 2999 rereliosnn

143 3043 209 3103 fore
224 3044 507 3105 consternationem
518 3043 648 3105 sicunde
660 3043 761 3104 bostis
776 3049 934 3121 appareat,
945 3061 1056 3120 equum
1069 3042 1144 3102 ilico
1176 3099 1182 3111 ,

142 3146 324 3212 conscendit
336 3168 373 3213 ac
386 3169 518 3232 propere
531 3167 674 3213 reversus
685 3147 726 3212 ad
740 3153 861 3229 pontes,
872 3153 909 3209 ut
918 3128 971 3209 eos
982 3143 1143 3209 calonibus
1261 3143 1270 3160 ⁶

142 3259 175 3313 ct
196 3253 430 3334 impedimentis
452 3257 586 3336 stipatos
610 3255 757 3335 repperit,
775 3252 943 3333 impatiens
964 3269 1067 3312 morae
1088 3270 1145 3330 per
1159 3262 1192 3310 m

71 3378 73 3381 ’
142 3379 313 3424 manusco
337 3369 432 3443 super
453 3361 560 3444 capita
581 3361 741 3426 hominurn
767 3358 939 3423 translatus
963 3362 1019 3421 est
1066 3354 1143 3418 Mox

142 3465 237 3527 etium
262 3466 373 3530 audita
395 3466 565 3531 rebellione
589 3466 786 3544 Germaniae,
811 3465 919 3543 rugan
942 3470 975 3525 et
1002 3461 1143 3525 subsidia

143 3571 235 3649 fugae
253 3573 372 3637 classes
392 3574 573 3655 apparabat,
591 3592 656 3637 uno
676 3572 793 3636 solacio
812 3570 1026 3652 adquiescens,
1044 3574 1144 3631 bans·

142 3679 278 3740 murinas
302 3686 387 3742 certe
410 3679 472 3742 sibi
496 3678 715 3759 superfuturas
740 3677 927 3758 provincias,
954 3674 981 3738 si
1008 3673 1143 3743 victores

142 3781 270 3863 Alpium
293 3781 376 3865 iuga,
398 3791 436 3849 ut
456 3782 585 3861 Cimbri,
608 3782 660 3846 vel
684 3782 780 3846 etiam
802 3782 922 3858 urbem,
944 3787 981 3842 ut
1005 3779 1143 3842 Senones
1158 3790 1191 3840 tu

141 3889 308 3968 quondam,
336 3898 540 3972 occuparent,
574 3889 658 3954 unde
689 3888 782 3952 credo
814 3885 1048 3968 percussoribus
1075 3883 1143 3947 eius

141 3999 250 4070 postea
262 3993 429 4057 consilium
443 4002 563 4072 natum,
573 3994 658 4076 apud
668 3992 898 4056 tumultuantes
911 3989 1029 4052 milites
1042 4006 1145 4051 emen-

946 2052 1069 2113 Mili!
