2572 4320
402 599 513 654 nmen
535 599 586 653 ιι.
638 597 671 654 c.
694 597 891 655 eminuas„
1108 588 1154 659 58

145 779 282 839 Dareum
296 792 428 854 puerum
440 791 481 834 ex
495 771 683 835 Parthorum
698 771 871 850 obsidibus,
881 773 1050 838 comitante
1064 794 1156 856 prae·

145 882 338 944 torianorum
352 877 478 957 agmine
491 884 524 940 et
538 877 572 938 in
585 878 705 941 essedis
718 877 845 941 cohorte
858 878 1038 942 amicorum.
1078 881 1155 946 Scio

145 987 310 1066 plerosque
324 982 532 1058 existimasse,
546 981 644 1043 talem
658 1001 679 1044 a
695 983 775 1046 Gaio
790 989 918 1063 pontem
939 984 1153 1063 excogitatum

145 1089 355 1152 aemulatione
371 1086 497 1163 Xerxis,
511 1085 568 1166 qui
587 1104 650 1148 non
670 1086 739 1148 sine
759 1086 966 1150 admiratione
987 1087 1154 1168 aliquanto
1261 1097 1266 1107 '

146 1194 357 1271 augustiorem
371 1191 616 1271 Hellespontum
632 1191 897 1269 contabulaverit3
919 1192 1008 1270 alios,
1021 1201 1059 1256 ut
1076 1196 1188 1259 Gara

146 1299 283 1359 maniam
307 1304 340 1358 et
364 1295 573 1371 Britanniam,
594 1294 709 1375 quibus
733 1295 926 1373 imminebat,
948 1297 1081 1361 alicuine
1107 1299 1155 1361 in·

146 1401 245 1462 mensi
256 1399 361 1479 operis
372 1399 459 1461 mma
470 1398 636 1460 territaret
672 1398 734 1460 Sed
744 1418 837 1460 avum
853 1418 957 1461 meum
971 1409 1153 1464 nmmtem

146 1526 223 1587 puer
250 1503 425 1580 audiebam,
452 1522 579 1565 causam
611 1503 715 1582 operis
742 1503 783 1565 ab
810 1503 1011 1568 interioribus
1038 1503 1153 1570 aulicis

146 1610 312 1690 proditam
327 1606 413 1686 quod
426 1607 616 1688 Thrasyllus
627 1609 868 1670 mathematicus
878 1608 973 1670 anxio
982 1607 1022 1669 de
1031 1625 1153 1672 moues

146 1734 215 1776 sore
238 1712 366 1775 'liberio
387 1717 421 1772 ot
442 1711 476 1770 in
497 1729 606 1770 verum
626 1715 772 1790 nepotem
794 1709 934 1788 proniori
954 1710 1152 1791 affirmasset,
1169 1725 1203 1775 1

146 1840 206 1881 sion
221 1821 320 1898 magis
336 1817 451 1879 Gaium
465 1819 686 1893 imperaturum
699 1832 792 1892 quom
800 1833 860 1892 per
873 1816 1030 1878 Βαίαιιιιιι
1048 1819 1153 1880 nausa

146 1928 459 2001 equisdiscuraurum.
1102 1900 1109 1914 ’

95 2045 133 2098 20
186 2026 298 2088 Edidit
310 2032 344 2087 et
362 2043 491 2105 peregre
509 2022 697 2103 spectacula,
712 2023 748 2084 in
764 2023 873 2087 Sicilia
893 2023 1059 2105 Syracusis
1079 2029 1155 2088 asti·

145 2152 198 2192 cos
213 2132 313 2205 ludos,
328 2137 360 2191 et
379 2130 412 2190 in
429 2128 537 2192 Gallia
557 2128 726 2207 Luguduni
743 2128 917 2205 miseellos;
942 2129 997 2191 sed
1018 2129 1071 2192 hic
1090 2148 1154 2192 oso

147 2241 252 2293 minen
263 2250 388 2312 quoque
398 2233 537 2294 Graecae
545 2232 740 2309 Latinaeque
750 2231 926 2307 facundiae,
951 2273 1104 2325 emm
1168 2250 1202 2299 u

148 2357 209 2416 quo
240 2337 412 2398 certamine
446 2335 555 2398 ierunt
581 2333 753 2397 victoribus
788 2335 928 2414 praemia
952 2348 1104 2397 ωιιιιιιιι

148 2443 249 2503 victos
274 2440 453 2518 contulisse,
474 2439 645 2501 eorundem
665 2446 698 2502 ct
718 2438 828 2502 laudes
848 2458 928 2501 oom-
952 2420 1136 2484 ΜΡΝ

147 2564 262 2623 ponere
282 2552 424 2621 eoactum
452 2563 506 2606 eos
528 2550 643 2619 autem,
664 2544 720 2623 qui
745 2545 882 2606 maxime
907 2544 1152 2624 displicuissent,

148 2649 267 2729 scripta
286 2667 344 2711 sua
363 2667 501 2729 spongea
524 2647 673 2727 linguave
696 2644 802 2710 delere
825 2647 935 2726 iussos,
955 2647 1019 2710 nisi
1039 2646 1152 2711 rerum
1241 2654 1244 2659 ’

147 2754 306 2833 obiurgari
319 2761 375 2817 aut
388 2753 517 2816 flumine
531 2753 675 2833 proximo
689 2753 787 2832 mergi
802 2753 994 2816 maluissent
1166 2770 1202 2819 θ)

60 2842 170 2952 {ff
188 2861 291 2942 Opera
321 2860 380 2922 sub
411 2859 538 2922 Tiberio
570 2859 798 2939 semiperfecto,
826 2859 979 2939 templum
1013 2858 1152 2937 Augusti

147 2968 368 3048 theatrumque
390 2965 531 3049 Pompei,
552 2964 698 3032 absolvit
740 2963 907 3029 Incohavit
926 2971 1032 3029 autem
1051 2982 1168 3047 aquae

148 3075 277 3135 ductum
301 3075 427 3154 regione
450 3074 576 3137 Tiburti
600 3080 633 3136 et
659 3071 927 3153 amphitheatium

149 3179 239 3239 irrxta
258 3180 383 3259 Saepta,
404 3199 536 3260 quorum
557 3197 685 3259 operum
710 3194 927 3240 asuooessore

148 3282 216 3341 eius
243 3281 377 3343 Claudio
403 3281 537 3344 alterum
566 3289 736 3361 peractum,
758 3279 908 3341 omissum
931 3279 1063 3342 alterurn
1092 3288 1151 3342 est
1165 3296 1200 3345 n

149 3385 312 3463 Syracusis
338 3385 489 3466 conlapsa
511 3392 668 3448 vetustate
692 3382 816 3445 moenia
841 3381 1031 3461 deorumque
1057 3380 1152 3444 aedes

148 3488 293 3549 retectae.
334 3489 559 3568 Destinaverat
578 3496 611 3550 et
632 3487 718 3551 Sarni
735 3485 913 3567 Polycratis
932 3484 1049 3564 ιοςὶαιιι
1063 3483 1173 3545 resti·'

148 3597 244 3666 tuere,
259 3592 364 3655 Mileti
377 3593 570 3674 Didymeum
585 3610 741 3675 peragere,
756 3592 791 3654 iu
804 3591 878 3669 iugo
892 3589 1023 3670 Alpium
1040 3586 1151 3648 urbem

148 3696 289 3772 condere,
307 3697 363 3759 sed
383 3703 457 3759 ante
477 3697 583 3759 omnia
603 3693 791 3759 Isthmum'
782 3713 816 3756 ιιι
837 3693 959 3757 Achaia
977 3689 1152 3772 perfodere,

142 3799 338 3878 miseratque
369 3800 431 3863 iam
466 3799 507 3861 ad
540 3798 767 3862 dimetiendum
801 3815 880 3876 opus
913 3794 1150 3877 primipilarem
1166 3810 1199 3861 ω

97 3906 135 3958 22
149 3901 312 3964 Hactenus
326 3920 417 3983 quasi
407 3900 472 3965 de
490 3900 650 3983 principe,
671 3899 794 4022 reliqua
812 3904 849 3961 ut
862 3898 904 3961 de
924 3902 1065 3961 monmro
1084 3915 1155 3960 nar·

129 4005 235 4068 meda
247 4013 336 4073 sunt

951 3133 1134 3183 Pallam
