2572 4320
148 605 196 672 62
228 616 262 670 u
283 614 441 669 sumum
461 613 692 680 rassournm
713 615 765 667 oa
788 615 879 668 vrrs
902 614 1106 671 camenus
1162 688 1169 700 .
1232 623 1250 650 τ·

148 789 221 851 dies
235 787 355 870 sparsit
367 786 402 848 in
419 786 551 867 plebern
593 786 776 850 Fabricavit
790 793 822 850 et
839 787 959 851 deceris
973 789 1159 853 Liburnicas

148 893 320 975 gerontis
347 893 515 974 puppibus,
543 892 784 956 versicoloribus
813 892 904 970 valis,
931 913 1046 973 magna
1078 895 1161 958 ther·

148 1019 276 1062 marum
294 1005 330 1060 et
350 996 528 1078 porticuum
547 1004 582 1059 et
600 997 810 1060 tricliniorum
831 997 964 1060 laxitate
984 1018 1160 1078 magnaque

147 1106 252 1170 etiam
265 1103 379 1167 vitium
395 1109 430 1167 st
444 1102 671 1184 pomiferarum
688 1103 833 1166 arborum
852 1103 1023 1182 varietata,
1044 1104 1160 1186 quibua

113 1211 352 1274 sdiscumbens
362 1208 509 1312 de
443 1207 497 1271 die
520 1207 604 1272 inter
630 1208 741 1272 choros
768 1227 804 1271 ao
831 1207 1039 1291 symphonias
1066 1210 1161 1272 litora

147 1315 342 1397 Campaniae
367 1319 557 1395 peragraret
598 1314 638 1376 In
651 1313 920 1377 exstructionibus
933 1305 1159 1395 praetoriorum

146 1429 248 1503 atqua
261 1420 420 1496 villarum
428 1419 516 1481 omni
527 1419 648 1482 ratione
662 1418 853 1500 posthabita,
862 1419 945 1482 nihil
959 1425 1026 1482 tam
1039 1419 1159 1482 efficere

147 1525 392 1605 concupiscebat
402 1543 498 1603 qnam
508 1523 782 1603 quodpoeeeeffior
791 1530 966 1602 negaretur.
1004 1525 1159 1586 lltiactac

148 1631 261 1709 itaque
278 1628 378 1692 moles
396 1628 516 1690 infesto
533 1646 570 1690 ac
586 1628 744 1708 profundo
760 1628 851 1704 mari,
869 1635 903 1690 et
920 1627 1044 1690 excisae
1065 1647 1159 1708 rupes

99 1748 133 1796 Ι
147 1732 316 1796 durissimi
340 1732 451 1808 silicis,
470 1739 504 1794 et
527 1732 631 1813 campi
655 1731 816 1794 montibus
836 1751 949 1810 aggere
969 1733 1106 1812 nequisti,
1127 1737 1184 1795 et·

145 1837 352 1916 complanata
376 1835 510 1898 iossiuis
533 1835 686 1896 montium
718 1835 800 1912 iuga,
825 1835 1004 1897 incredibili
1031 1836 1159 1914 quidem

145 1939 321 2016 eelerimoe,
334 1958 407 2000 cnm
426 1957 531 2001 morae
549 1936 644 2018 culpa
658 1939 764 2018 capite
784 1939 932 2000 lueretur.
945 1916 1022 2016 <lc
1040 1957 1080 2000 ne
1098 1938 1160 2000 sin·

145 2045 227 2123 gula
243 2062 432 2118 enumerem,
448 2043 617 2105 immensae
636 2062 721 2123 opes,
740 2050 904 2123 totumque
922 2043 1002 2104 illud
1020 2043 1069 2104 Ti.
1086 2045 1182 2106 Cae.

145 2148 230 2211 saris
242 2148 339 2210 vicies
352 2166 390 2209 ac
408 2147 525 2226 septies
540 2146 645 2209 milies
658 2148 838 2209 sestertium
858 2167 921 2208 non
936 2152 1004 2208 toto
1018 2153 1158 2208 vomente

98 2266 131 2314 as
145 2272 233 2315 anno
249 2233 472 2340 absumpsit')

189 2358 375 2419 Exhaustus
390 2355 488 2434 igitur
505 2363 601 2434 atquc
615 2375 710 2434 agens
726 2357 767 2418 ad
784 2358 911 2436 rapinas
925 2356 1082 2418 convertit
1096 2357 1158 2436 ani·
1171 2365 1210 2419 aa

146 2483 247 2539 mum,
261 2462 351 2525 vario
363 2470 397 2524 et
413 2460 664 2542 exquisitissimo
683 2462 910 2524 calumniarum
930 2469 963 2524 ct
977 2463 1155 2526 auctionum
1214 2463 1219 2467 ’

377 2573 411 2629 et
428 2566 630 2646 vectigalium
644 2587 765 2646 genera.
807 2569 978 2647 Negabat'
970 2589 1036 2631 rure
1050 2569 1158 2631 civita·

142 2651 306 2774 w
377 2679 442 2734 tem
457 2675 631 2734 Romanam
646 2692 796 2752 usurpare
806 2692 1010 2753 eos‚quorum
1025 2673 1157 2735 maiores

96 2793 130 2842 ι)
378 2777 440 2840 sibi
464 2777 663 2858 posterisque
691 2797 759 2840 eam
784 2778 1016 2858 impetrassent,
1041 2777 1103 2839 nisi
1129 2779 1157 2841 si

144 2885 208 2947 filii
232 2889 350 2961 essent,
373 2901 475 2965 neque
498 2884 583 2945 enim
604 2883 746 2964 intellegi
773 2885 887 2948 debera
907 2893 1048 2966 posteros
1072 2885 1157 2948 ultra

144 2991 234 3052 hunc
247 2990 397 3067 gradum
419 2990 603 3071 prolataque
617 2991 769 3052 Diuorum
786 2990 849 3058 Iuli
863 2999 897 3052 et
911 2990 1047 3068 Augusti
1058 2991 1158 3070 diplo

144 3102 236 3158 mata
256 3102 294 3158 ut
317 3101 426 3158 vetera
446 3102 481 3157 et
503 3095 644 3158 obsoleta
666 3095 809 3158 deflebat
825 3084 1013 3199 (Arguebat
1036 3103 1069 3159 et
1091 3116 1158 3177 per·
1205 3164 1211 3183 ‚
1264 3123 1268 3128 ⁴

144 3222 255 3284 peram
274 3203 378 3264 editos
396 3221 519 3278 census,
536 3202 651 3283 quibua
670 3209 780 3282 postea
797 3222 993 3282 quacumque
1009 3203 1049 3265 de
1062 3222 1158 3266 causa

97 3323 129 3372 Ι
144 3307 319 3387 quiequam
340 3307 525 3369 incrementi
553 3293 769 3417 accessisset)
787 3310 991 3370 Testamenta
1017 3308 1157 3388 primipi-

144 3412 273 3489 larium,
283 3412 340 3491 qni
353 3412 395 3473 ab
408 3411 502 3474 initio
512 3411 618 3474 Tiberi
628 3413 824 3493 principatus
834 3433 935 3492 neque
949 3413 1042 3474 illum
1055 3431 1157 3492 neque

144 3536 184 3580 ss
197 3516 345 3579 semaam
365 3516 577 3596 reliquissent„
592 3525 629 3579 ut
642 3518 767 3596 ingrata
784 3518 929 3594 moram
951 3518 1026 3579 iem
1042 3524 1158 3579 esrem
1216 3495 1238 3505 “

64 3629 74 3646 ’
144 3628 268 3686 rumut
277 3621 368 3685 irrita
379 3629 414 3684 et
424 3641 515 3702 vans,
526 3643 739 3704 quoscumque
749 3623 821 3705 quis
832 3623 950 3686 diceret
961 3624 1075 3687 herede
1084 3624 1157 3687 Cae·

143 3749 219 3793 aare
232 3728 312 3792 mori
327 3727 515 3793 destinasse.
557 3731 626 3803 Quo
643 3738 731 3792 metu
751 3730 867 3793 iniecto
886 3749 958 3793 cum
980 3729 1044 3792 iam
1064 3736 1097 3791 et
1117 3731 1158 3793 ab

98 3853 131 3904 a)
144 3836 267 3919 ignotis
278 3836 362 3901 inter
372 3836 549 3902 familiares
559 3844 592 3900 et
602 3838 815 3920 aparentibus
825 3837 909 3902 inter
921 3837 1038 3902 liberos
1052 3836 1156 3920 palam

144 3945 241 4009 beree
261 3952 507 4028 nuncoparetur,
520 3944 675 4008 derisores
689 3946 830 4024 vocabat,
845 3944 929 4027 quod
949 3952 1022 4029 post
1041 3963 1158 4008 nuncu·

142 4050 306 4133 patim
322 4050 425 4110 virm
436 4057 690 4135 personarent,
705 4059 740 4119 et
759 4053 878 4124 multis
892 4063 1074 4126 venenatas
1092 4062 1177 4123 mete
