2572 4320
359 569 471 621 masa
494 570 528 620 v.
572 545 695 624 'nrvns
717 571 913 626 cnsuurus
1104 567 1175 633 81.

135 740 382 803 imbecillitatem
394 741 462 803 eius
472 760 509 803 ac
519 740 669 803 damnum
680 742 871 806 liberalitate
881 753 1150 812 suaresarturum

134 846 311 926 pollicente
361 844 423 918 Qui
444 852 549 907 tamen
574 847 712 909 moriens
733 856 766 909 et
788 848 821 909 in
844 848 950 913 tertiis
973 849 1150 919 heredibus

134 970 204 1011 eum
224 970 263 1010 ex
281 956 372 1028 parte
389 949 485 1011 tertia
500 958 725 1030 nuncupatum,
741 951 847 1030 legato
864 955 959 1014 etiam
977 955 1065 1019 circu
1083 977 1151 1023 ses·

135 1057 261 1117 tertium
272 1054 369 1119 vicies
380 1062 562 1135 prosecutus
570 1056 803 1119 commendarit
812 1056 941 1138 insuper
949 1062 1150 1128 exercitibus

133 1181 169 1223 ao
184 1161 308 1222 senatui
323 1158 502 1240 populoque
513 1160 656 1222 Romano
666 1161 751 1223 inter
760 1170 880 1225 ceteras
890 1167 1180 1233 necessitudines!

133 1266 327 1326 nominatim.

101 1371 118 1423 7
173 1371 238 1432 Sub
252 1369 333 1433 Gaio
341 1371 468 1431 demum
483 1369 594 1433 fratris
605 1370 682 1448 lilio,
692 1372 861 1434 secundam
872 1373 1149 1440 existimationem

132 1477 215 1538 circa
229 1476 323 1537 initia
335 1474 461 1556 imperii
474 1475 621 1537 omuibus
634 1474 800 1540 lenociniis
813 1476 991 1556 colligente,
1006 1479 1149 1546 bonores

133 1583 312 1669 auspicatus
331 1581 527 1650 cousulatmu
551 1581 650 1666 gmsit
670 1602 734 1651 uua
754 1603 809 1670 por
833 1584 911 1652 duos

132 1712 265 1768 menses,
289 1692 458 1770 evenitque
482 1699 520 1752 ut
547 1693 694 1771 primitus
721 1694 909 1770 ingredienti

132 1817 201 1859 cum
232 1797 372 1859 fascibus
404 1797 509 1858 forum
537 1797 772 1878 praetervolans
804 1797 912 1880 aquila

132 1904 307 1965 dexteriore
328 1923 436 1965 umero
462 1904 647 1965 consideret
690 1904 828 1967 Sortitus
848 1911 898 1967 est
920 1908 1013 1969 etde
1039 1904 1147 1975 altero

131 2009 294 2071 consulatu
306 2009 340 2070 in
351 2017 498 2088 quartum
509 2027 644 2085 annum
667 2009 887 2090 praeseditque
901 2030 1144 2094 nonnumquam

131 2115 319 2192 spectaculis
340 2117 373 2175 in
398 2116 459 2176 Gai
479 2115 590 2190 vicem,
614 2115 806 2177 acclamante
834 2115 967 2195 populo:
997 2120 1146 2185 Μάιον

131 2219 245 2297 partim
255 2228 369 2295 patruo
387 2222 579 2296 irupemtoris
593 2219 708 2298 partim
726 2220 904 2281 Gemcuici
908 2223 1008 2297 fratri
1013 2225 1028 2282 !
1068 2224 1143 2286 Nee
1161 2243 1192 2290 tt

99 2329 166 2384 seo
187 2325 291 2387 minus
311 2323 511 2386 contumeliis
529 2325 684 2386 obnoxius
707 2324 796 2387 vixit
838 2325 923 2387 Nam
942 2327 1020 2389 etsi
1040 2329 1143 2408 paulo

130 2430 229 2490 serius
248 2428 289 2490 ad
308 2429 501 2508 praedictam
520 2447 614 2491 cenae
632 2429 741 2490 boram
760 2430 908 2492 occurris·
931 2479 1069 2542 &m
1079 2487 1111 2534 ὴ

129 2542 185 2607 set,
200 2535 326 2594 nonnisi
338 2553 430 2611 aegre
441 2534 616 2596 etcircuito
626 2534 751 2594 demum
768 2535 907 2597 triclinio
931 2554 1091 2605 mnium

130 2639 346 2717 recipiebatur,
366 2646 399 2700 et
417 2639 565 2719 quotiens
583 2648 654 2718 post
673 2639 776 2700 cibum
799 2639 907 2700 adulor·
930 2629 1026 2689 *Ψ

129 2744 282 2819 misceret,
293 2744 378 2825 quod
393 2745 423 2806 ei
438 2745 505 2808 fere
518 2744 688 2821 accidebat,
700 2743 838 2806 olearum
852 2753 909 2809 aut
922 2747 1139 2829 palmularum
1154 2763 1190 2812 2

127 2853 250 2914 ossibus
269 2851 491 2930 incessebatur,
511 2851 671 2913 interdum
691 2849 795 2914 semla
814 2850 951 2932 flagras
970 2854 1058 2917 velut
1077 2876 1138 2937 per

127 2958 235 3018 ludum
250 2958 448 3020 excitabatur
465 2976 486 3019 a
502 2958 633 3037 copreis
676 2958 827 3020 Solebant
843 2968 876 3020 et
893 2960 1038 3021 manibus
1055 2970 1138 3024 ster

127 3064 223 3126 tentis
254 3063 336 3126 socci
372 3064 488 3141 induci,
517 3069 554 3126 ut
589 3070 717 3142 repente
749 3065 988 3145 expergefactus
1015 3065 1136 3130 faciem

126 3171 252 3232 sibimet
273 3171 470 3233 confricaret

94 3279 111 3329 9
166 3276 228 3337 Sed
246 3295 287 3337 ne
304 3277 541 3340 discriminibus
553 3277 682 3358 quidem
696 3274 804 3336 caruit
848 3275 988 3337 Primum
1003 3277 1037 3338 in
1060 3278 1136 3358 ipso
1151 3300 1187 3348 ιι

69 3441 76 3455 ,
124 3381 300 3459 consulatu,
315 3383 399 3465 quod
418 3383 555 3446 Neronis
572 3389 607 3445 et
624 3381 731 3456 Drusi,
746 3380 881 3441 fratrum
901 3380 1054 3459 Caesaris,
1069 3391 1137 3447 sta·

126 3495 196 3548 tuas
207 3488 335 3567 segnium
346 3488 493 3552 locandas
504 3489 725 3570 ponendasque
738 3493 888 3561 curasset,
900 3505 998 3566 paene
1012 3487 1134 3552 honore

124 3605 298 3659 summotus
314 3603 381 3673 est,
401 3596 516 3658 deinde
534 3602 685 3657 extraneo
703 3590 754 3653 rel
772 3591 867 3654 etiarn
888 3591 1134 3658 domesticorum

123 3701 231 3782 aliquo
243 3702 407 3767 deferente
416 3702 543 3766 assidue
552 3699 702 3781 rurisque
712 3696 916 3778 inquietatus
958 3698 1040 3762 cun
1053 3717 1136 3765 reru

123 3808 249 3873 detecta
266 3818 353 3875 esset
375 3809 489 3891 lapidi
511 3815 545 3871 ot
568 3804 728 3871 Gaetulici
751 3804 934 3880 coniuratio
956 3802 1075 3870 missus
1096 3808 1134 3873 in
1148 3824 1184 3873 a

123 3913 325 3978 (lumniam
345 3914 431 3977 inter
452 3914 573 3993 legstos
596 3912 637 3975 ad
665 3910 896 3989 gratulandum,
919 3909 1018 3972 etiarn
1041 3911 1134 3979 vicus

122 4016 299 4097 puisulrrn
317 4018 410 4094 adiit,
429 4017 615 4096 indignante
634 4033 673 4077 ao
695 4013 850 4075 fremente
874 4013 956 4075 Gaio
976 4021 1133 4094 patruum

935 1669 1193 1751 musa„

935 1742 1017 1792 oua
