2572 4320
435 625 548 680 maur
570 625 621 680 ιιι
673 622 856 680 maneres.
1105 605 1147 678 lt
1183 643 1193 662 ·

94 808 131 861 oo
185 799 301 863 Odium
311 800 462 863 adremm
473 799 722 863 nenessitudines
736 799 770 861 in
782 800 886 862 Druso
898 798 1035 880 primum
1048 797 1148 860 matre

145 896 267 967 detexit
281 902 422 986 (prodita
437 905 505 969 eius
524 905 671 986 epistula,
685 924 749 986 qua
762 924 868 968 seeum
884 904 925 967 de
949 956 1043 1006 mm
1052 955 1102 1005 υ

144 1010 284 1088 oogendo
297 1009 337 1073 ed
352 1010 768 1074 restituendamlibertetem
780 1011 925 1088 Augusto
949 1032 1049 1092 aare,
1094 1078 1102 1094 ι

145 1114 402 1198 agebat)deinde
422 1115 512 1178 etin
533 1115 674 1196 reliquis
716 1115 818 1178 Iuliae
832 1115 926 1177 uxori
949 1105 1072 1229 me„
1094 1147 1098 1155 ·

102 1273 107 1283 .
145 1227 270 1281 tentum
294 1220 380 1283 afuit
404 1227 442 1282 ut
466 1221 629 1299 relegatae,
651 1221 735 1302 quod
760 1219 925 1282 minimum
964 1273 973 1289 ,
1162 1235 1180 1283 a

145 1329 203 1399 est,
217 1322 311 1383 offleii
331 1331 388 1385 eut
407 1324 615 1387 humanitatis
635 1323 759 1404 aliquid
778 1323 964 1403 impertiret,
977 1329 1015 1384 ut
1027 1340 1067 1384 ex
1079 1341 1150 1385 oon·

145 1428 311 1491 stitutione
325 1427 426 1508 patris
439 1447 503 1490 uno
515 1427 633 1509 oppido
645 1427 785 1490 olausam
798 1426 891 1489 domo
904 1443 1027 1505 quoque
1039 1426 1148 1503 egredi

145 1537 179 1593 et
191 1532 376 1601 oommeroio
389 1532 553 1594 bominum
569 1532 635 1594 frui
653 1533 803 1610 vetuerit3
825 1531 881 1613 sed
896 1537 930 1594 et
943 1529 1067 1611 peoulio
1080 1549 1149 1594 oon·
1220 1611 1223 1616 Ι

146 1657 233 1700 oesso
251 1655 272 1699 a
289 1643 379 1718 patre
398 1636 610 1718 praebitisque
626 1637 741 1700 annuis
760 1636 930 1713 fraudavit,
944 1653 1001 1715 per
1013 1635 1148 1715 speeiem

146 1742 264 1823 publioi
292 1743 380 1825 iuris,
407 1744 492 1824 quod
519 1743 600 1806 nihil
628 1743 668 1807 de
695 1741 746 1806 his
773 1742 937 1823 Augustus
961 1745 1150 1804 testamento
1164 1751 1197 1800 ro

145 1828 483 1932 novisset†Matrem
510 1849 635 1912 Liviam
662 1854 811 1928 gravatus
838 1848 928 1911 relut
953 1854 1061 1929 partes
1087 1846 1148 1911 sibi

145 1973 263 2035 aequas
288 1956 447 2036 potentiae
470 1954 693 2032 vindicantem,
711 1961 745 2017 et
768 1972 968 2033 oongmssum
990 1952 1059 2015 eius
1074 1952 1150 2015 assi·

145 2062 243 2123 duum
265 2061 382 2124 vitavit
403 2067 438 2124 et
460 2060 618 2141 longiores
644 2061 891 2140 secretioresque
918 2077 1149 2135 sermoneque

75 2150 79 2158 ⁵
146 2149 428 2245 consiliis,'quibus
444 2173 551 2227 temen
569 2166 730 2228 interdum
747 2172 781 2229 et
795 2185 886 2245 egere
901 2172 938 2227 et
952 2165 1000 2227 uti
1020 2162 1148 2242 solebat,

146 2271 213 2348 regi
226 2271 396 2334 rideretur.
436 2253 528 2333 Tulit
540 2271 637 2334 etiarn
653 2270 839 2351 perindigne
860 2275 965 2332 sotum
980 2268 1014 2330 in
1027 2275 1155 2344 senatu,⁴
1167 2285 1197 2332 ιι

146 2381 183 2435 ut
206 2375 312 2439 titulis
335 2375 402 2439 suis
430 2377 523 2456 quasi
546 2377 695 2455 Augusti,
719 2377 767 2438 ite
789 2382 823 2438 et
845 2378 955 2438 Liuium
973 2376 1063 2454 ‚tilitas
1085 2373 1151 2436 edi·

146 2486 276 2540 oeretur.
345 2481 447 2553 Quare
490 2500 553 2543 non
598 2490 757 2559 peronem
803 2484 924 2558 patrius
949 2506 1106 2556 mm„

146 2582 310 2662 appellari,
343 2602 408 2645 nou
444 2584 546 2646 ullum
585 2583 741 2661 insignem
775 2583 923 2646 honorem
949 2580 1023 2629 ΒΜ·

146 2687 284 2765 recipere
318 2686 443 2770 publioe
476 2706 589 2767 passus
623 2675 690 2764 est'3
732 2687 855 2748 sedet
886 2686 1069 2765 frequenter
1098 2686 1152 2748 ed·

145 2790 277 2868 monuit,
305 2791 476 2853 maioribus
506 2810 564 2853 neo
597 2791 751 2861 feminae,
768 2789 1026 2852 eonvenientibus
1058 2802 1197 2867 aegos)

145 2893 201 2955 tiis
237 2894 419 2972 abstineret,
455 2895 623 2975 praeeipue
660 2902 698 2958 nt
732 2893 966 2971 animadvertit,
1003 2892 1150 2955 iuoendio
1200 2971 1204 2976 .

147 2997 237 3059 iuxta
249 2998 358 3060 eedem
372 2998 487 3060 Vestae
503 3004 537 3060 et
554 2999 656 3078 ipsam
671 2998 876 3060 intervenisse
889 2996 1102 3078 populumque
1115 3002 1150 3060 et

146 3101 352 3183 militiaeque
367 3101 494 3166 enixius
509 3121 601 3184 opem
621 3104 752 3179 ferrent,
769 3101 978 3178 adhortatam,
992 3101 1076 3164 siout
1089 3102 1150 3164 sub

94 3207 260 3270 bimarito
282 3208 378 3271 solita
400 3215 492 3272 esset.
535 3207 658 3270 Dehine
682 3206 722 3270 ed
739 3207 939 3269 'simultatem
963 3224 1064 3287 usque
1082 3225 1151 3288 pro·

145 3313 242 3376 oessit
268 3313 337 3389 han,
364 3320 402 3376 ut
428 3314 546 3393 ferunt,
572 3313 613 3375 de
639 3331 741 3376 eausa
782 3311 924 3375 Instanti
950 3311 1085 3393 saepius,
1112 3318 1151 3373 ut
1165 3328 1198 3377 as

145 3419 276 3482 eivitate
299 3420 452 3483 donatum
475 3419 510 3481 iu
532 3419 676 3483 deouries
697 3418 866 3499 adlegeret,
889 3417 1019 3498 negarit
1037 3415 1150 3480 elissa
1229 3450 1231 3455 ,

145 3526 328 3590 eondioione
351 3527 557 3602 edleotnrum
582 3545 676 3606 quam
700 3525 728 3589 si
751 3531 912 3608 pateretur
932 3520 1048 3587 asoribi
1067 3520 1150 3600 albo,

145 3643 291 3696 mortum
304 3636 339 3696 id
356 3637 416 3697 nbi
427 3653 449 3695 o
462 3641 567 3695 metra
608 3632 656 3694 At
673 3630 730 3694 ille
747 3635 904 3694 oommota
919 3637 1151 3708 reteresquos·

145 3737 219 3799 dam
232 3739 274 3801 ed
287 3757 322 3800 se
337 3737 474 3817 Augusti
491 3736 653 3801 oodioillos
667 3736 707 3799 de
720 3736 888 3799 eoerbitete
901 3740 935 3798 et
948 3732 1152 3797 intolerantia
1232 3748 1242 3805 ι

144 3858 267 3903 morum
290 3841 360 3904 eius
383 3860 401 3903 e
422 3841 558 3904 seorario
579 3840 713 3922 protulit
726 3848 822 3922 etque
836 3840 992 3904 reoiterit
1032 3839 1102 3903 llos
1116 3844 1150 3902 st
1166 3853 1200 3903 a)

125 3935 313 4011 oustoditos
350 3929 418 4012 tam
452 3945 510 4011 diu
540 3952 574 4011 et
605 3945 809 4028 exprobratos
836 3951 902 4008 tam
927 3944 1046 4007 iniuste
1071 3944 1152 4007 adeo

102 4047 264 4118 murier
286 4053 380 4137 tulit,
406 4062 445 4123 ut
467 4055 607 4143 quidem
626 4059 753 4140 putent,
770 4049 854 4116 inter
874 4067 986 4115 sauses
1008 4067 1152 4115 emmens
