2572 4320
78 27 1201 355 a

268 344 314 357 d
499 352 505 358 ν

1111 374 1249 386 --——

138 523 205 590 loo
241 536 274 590 o.
292 535 452 591 sumum
472 538 701 602 moremur
719 538 771 592 on
790 539 882 593 vrrs
901 540 1105 596 eumenum
1200 549 1221 595 u

135 726 263 786 quoque
295 726 433 770 smomm
461 708 745 786 flagrantissimum
772 728 833 771 non
862 717 927 772 tam
956 711 1148 789 indignitate

134 809 399 873 contrmeliaruur
413 829 509 891 quam
524 810 657 892 periculi
674 819 762 874 metu
775 812 900 885 abiecit,
914 832 985 875 cum
1004 813 1148 877 adultero
1185 837 1188 842 ·

135 917 220 980 silio
231 915 353 997 acquiri
375 915 542 997 imperium
561 915 767 995 credidisset;
788 936 851 996 quo
863 924 1004 999 ternpore
1018 918 1146 980 foedum

135 1023 172 1086 in
196 1023 323 1086 modum
348 1021 493 1102 trepidus
521 1021 695 1084 rud-cestra
719 1021 873 1100 confugit,
897 1023 980 1084 nihil
1002 1031 1072 1087 tota
1094 1025 1148 1088 via

98 1144 119 1194 a
132 1149 231 1210 quam
244 1138 357 1191 mse
369 1131 430 1190 sibi
440 1129 559 1189 doses
574 1131 737 1205 imperium
750 1127 921 1208 requirens.
956 1129 1056 1193 Nulls
1068 1132 1147 1194 adeo
1159 1144 1197 1201 8¹1

133 1234 284 1316 auspicio,
298 1233 405 1297 nullus
418 1239 528 1296 ructor
541 1238 608 1296 tarn
622 1231 702 1296 levis
716 1233 850 1311 exstitit,
864 1252 885 1296 a
897 1254 960 1315 quo
973 1255 1036 1298 uon
1051 1236 1146 1299 medi·

133 1341 203 1402 ocri
222 1339 369 1422 sompulo
388 1340 506 1402 iniecto
518 1340 559 1401 ed
574 1340 749 1402 cavendum
769 1340 1046 1422 ulciscendumque
1066 1362 1146 1404 eom·

133 1445 313 1527 pelleretur.
356 1446 450 1509 Unus
468 1465 508 1508 ex
527 1445 741 1524 litigatoribus
761 1447 889 1510 seducto
906 1447 940 1509 in
955 1447 1145 1511 salutetioue

132 1551 313 1627 affimavit,
328 1551 448 1613 vidisse
461 1569 496 1613 se
510 1568 567 1632 por
581 1550 721 1631 quietem
741 1552 841 1614 occidi
862 1573 934 1614 eum
953 1572 974 1615 e
990 1554 1144 1633 quodem

82 1668 117 1716 ao
131 1655 211 1718 dein
229 1655 421 1736 paulopost,
441 1655 532 1736 quasi
555 1674 770 1736 percussorem
789 1663 980 1736 sgnosceret,
1000 1656 1144 1721 libellum

130 1761 312 1824 tradem
320 1760 536 1824 edvemsnum
548 1780 641 1822 suum
652 1762 896 1825 demonstravit:
914 1763 1145 1845 confestimque

132 1865 165 1928 is
178 1885 235 1946 pro
247 1866 401 1946 deprenso
415 1864 456 1927 ed
470 1884 603 1946 poenam
615 1872 726 1948 reptus
739 1873 796 1931 est
832 1867 906 1929 Peri
918 1868 1011 1930 modo
1020 1886 1145 1948 oppres

131 1990 204 2033 sum
226 1971 335 2033 ierunt
357 1970 498 2050 Appium
521 1970 680 2033 Silenum:
709 1991 803 2051 quem
823 1991 895 2034 cum
917 1972 1091 2036 Messalina
1112 1979 1145 2037 et

129 2076 302 2138 Narcissus
325 2076 561 2155 conspirassent
585 2077 724 2157 perdere,
748 2077 862 2138 divisis
886 2078 1038 2156 pertibus,
1062 2078 1143 2139 elter

80 2199 112 2247 ro
128 2189 206 2244 aute
230 2182 332 2244 lucem
356 2181 472 2245 similis
497 2182 635 2243 attonito
658 2182 790 2270 petroni¹
808 2183 986 2244 cubiculum
1012 2183 1142 2263 inrupit,

128 2286 291 2348 affirmans
313 2287 486 2349 somniasse
505 2304 539 2348 ee
553 2286 619 2346 vim
634 2286 664 2347 ei
679 2286 720 2348 eb
737 2286 844 2366 Appio
864 2286 1012 2364 inlatam3
1034 2287 1142 2372 nitere,

127 2391 168 2452 in
190 2390 430 2452 admirationem
454 2391 599 2466 formate,
621 2390 683 2452 sibi
704 2410 829 2470 quoque
849 2391 980 2452 eandem
1005 2371 1141 2471 speciem

127 2495 254 2575 aliquot
275 2496 338 2558 iam
360 2496 504 2558 noctibus
527 2496 686 2557 obversari
708 2495 852 2573 rettulit;
873 2515 931 2557 nee
949 2496 1050 2558 multo
1070 2503 1142 2576 post

126 2620 172 2664 ex
192 2599 366 2681 composito
387 2601 560 2680 irrumpere
581 2600 707 2679 Appius
728 2601 903 2678 nuntiatus,
917 2601 967 2662 cui
985 2601 1087 2680 pridie
1100 2602 1141 2663 ed

80 2721 113 2770 Ι
126 2707 167 2769 id
192 2706 343 2786 temporis
371 2714 409 2767 ut
435 2706 562 2768 adesset
593 2713 795 2785 praeceptum
823 2713 900 2784 eret,
928 2706 1019 2786 qussi
1047 2707 1141 2787 plene

125 2817 418 2892 repraesentaretur
447 2809 560 2872 somnii
596 2810 685 2887 fides,
713 2810 829 2873 arcessi
861 2811 969 2873 stetim
997 2831 1033 2873 eo
1061 2812 1140 2874 mori

125 2917 236 2979 iussus
255 2924 315 2979 est
357 2918 426 2978 Neo
447 2916 608 2977 dubitavit
626 2923 753 2996 postero
766 2916 819 2978 die
832 2916 984 2979 Claudius
998 2918 1140 2980 ordinem

125 3022 177 3085 rei
194 3029 303 3102 gestae
321 3023 461 3101 perferre
483 3022 524 3082 ed
545 3029 691 3084 senatum
711 3041 747 3084 ac
768 3021 883 3083 liberto
903 3022 1021 3099 gratius
1038 3042 1139 3100 egere,
1213 3053 1221 3087 r

125 3128 216 3209 quod
242 3146 300 3208 pro
324 3126 426 3188 seluto
451 3146 509 3188 sua
536 3128 632 3189 etism
656 3127 815 3189 dormiens
838 3128 1016 3188 excuburet
1071 3130 1139 3189 Irae
1153 3143 1193 3196 ee

81 3251 113 3300 ι
124 3241 225 3312 atque
239 3231 420 3293 iracundius
435 3231 579 3293 conscius
593 3231 664 3307 sibi,
678 3239 844 3311 utramque
858 3233 1024 3293 excusavit
1037 3233 1141 3294 edicto
1173 3285 1177 3293 .

125 3337 351 3417 distinxitque,
365 3319 526 3416 pollicitus
537 3339 665 3400 alteram
674 3341 797 3416 quidem
806 3340 922 3399 brevem
933 3348 960 3399 et
972 3341 1139 3415 leunculum,

125 3445 258 3507 wrote
268 3463 330 3504 sos
344 3447 489 3505 iniseriam
497 3447 577 3522 sere.
613 3443 821 3520 Ostiensibus,
832 3443 908 3524 quia
918 3443 980 3506 eibi
991 3444 1140 3508 subeunti

126 3549 269 3614 Tiberim
286 3550 418 3630 sospbas
433 3548 557 3611 obviem
572 3568 635 3610 non
649 3549 802 3629 miserint,
816 3550 956 3630 graviter
975 3552 1138 3632 correptis,

125 3676 228 3737 esque
242 3676 314 3719 cum
326 3654 457 3730 invidie,
467 3656 552 3715 utin
566 3655 709 3717 ordinem
720 3674 754 3718 ee
763 3663 906 3718 cocetum
919 3657 1138 3736 conscriberet,

81 3768 259 3844 urspeute
279 3758 489 3823 tentum‘uou
509 3758 589 3821 eatis
610 3759 759 3823 incientis
780 3763 872 3824 modo
893 3763 1017 3825 veniam
1038 3763 1137 3826 dedit

124 3867 288 3942 ansdm
302 3865 336 3926 in
351 3863 477 3945 publico
487 3882 598 3943 perum
613 3864 802 3944 tempestive
812 3867 957 3928 adeuntm
972 3885 1066 3930 mauu
1080 3888 1140 3932 sua

124 3971 279 4055 reppulit
324 3971 408 4033 item
429 3967 563 4032 scribom
583 3968 807 4049 quaestorium,
828 3970 966 4050 itemque
991 3979 1139 4054 praeturs
