2572 4320
351 423 463 479 umsu
486 423 522 480 v.
572 423 685 479 uivus
708 423 902 482 ossuums
1088 419 1134 490 77

128 600 229 664 obviis
243 599 417 663 seriberum
430 598 576 676 (leuntiis,
591 598 632 661 sd
651 600 761 662 urbem
777 599 943 664 devectum
960 604 1136 684 sepultum·

128 725 188 786 que
202 712 252 768 est
264 705 298 767 iu
311 724 422 785 eumpo
436 704 561 767 Martio
602 705 745 769 Ceterum
760 704 916 770 exereitus
929 692 1135 775 hemeterium

128 812 156 873 ei
172 810 326 872 tumulum
342 809 502 885 exuiturit,
515 807 601 871 eires
615 827 710 888 quem
728 809 876 891 deinoeps
894 817 979 874 ststo
991 813 1044 877 die
1058 833 1135 894 quo

127 917 234 983 tunnis
257 915 349 981 miles
372 914 552 979 decurreret
579 913 818 998 Galliarumque
841 915 986 983 oivitutes
1004 919 1134 1000 publius

128 1026 358 1107 supplicarent·
396 1025 564 1086 Pruetereu
593 1031 722 1086 mustus
753 1022 840 1122 inter
874 1023 939 1087 elis
968 1027 1168 1110 complures

129 1151 332 1194 marmoreum
354 1150 460 1194 ereum
482 1148 554 1193 eum
574 1129 711 1210 tropseis
729 1130 795 1192 Vis
813 1130 918 1213 Appio
935 1131 1076 1198 decrerit
1098 1142 1134 1200 et

129 1236 307 1299 Germanioi
320 1253 491 1313 eognomen
506 1234 569 1314 ipsi
582 1234 778 1314 posterisque
791 1235 867 1298 eius
903 1237 1014 1300 Fuisse
1024 1246 1130 1302 sutem

128 1341 266 1402 ereditur
279 1360 342 1402 non
356 1340 461 1402 minus
475 1338 603 1418 gloriosi
621 1357 716 1418 quum
734 1338 839 1402 civilis
859 1340 974 1418 unimi;
994 1359 1068 1404 num
1090 1363 1132 1406 ex

129 1446 217 1506 hoste
238 1463 333 1523 super
347 1443 495 1506 victorius
516 1443 623 1523 opims
635 1463 759 1523 quoque
772 1443 876 1524 spolio
892 1452 1034 1525 osptosse
1048 1465 1133 1510 sum·
1221 1498 1227 1514 .

129 1568 240 1628 meque
262 1549 389 1629 ssepius
409 1547 591 1610 ‹liserimiue
611 1548 707 1610 duoss
728 1549 955 1610 Germanorum
974 1557 1042 1612 tots
1061 1552 1131 1615 soie
1149 1567 1181 1616 ιο

129 1656 315 1729 insectatusr
341 1671 399 1715 neo
424 1650 640 1714 dissimulasse
663 1671 811 1732 umquem
836 1653 1004 1732 pristinum
1027 1673 1061 1718 ee
1082 1656 1130 1720 rei

128 1758 269 1836 publicae
288 1764 417 1834 statum,
433 1757 619 1835 quaudoque
635 1763 751 1834 posset,
765 1756 991 1818 restituturum.
1033 1759 1130 1822 Unde
1228 1759 1229 1762 ’

127 1847 274 1921 existimo
297 1859 467 1921 nonnullos
494 1859 617 1920 trudere
641 1876 744 1934 susos,
768 1867 946 1938 suspeetum
970 1880 1040 1922 eum
1065 1862 1130 1923 Au·
1154 1908 1158 1915 .

127 1971 219 2044 gusto
242 1971 484 2046 revocatamque
507 1981 547 2025 ex
572 1961 734 2045 provincis
759 1968 793 2025 et
818 1962 895 2043 quis
919 1970 1128 2042 ouuetsretur,

81 2068 87 2082 '
127 2074 335 2157 interceptum
358 2093 486 2139 veueuo.
527 2071 616 2148 Quod
640 2069 784 2155 equidem
810 2070 909 2154 irrugit
931 2091 970 2138 uo
994 2079 1129 2157 proeter-
1146 2092 1178 2145 ru

127 2181 285 2240 mitterem
300 2179 419 2255 rettuli,
434 2197 526 2256 quum
543 2180 619 2257 quie
629 2197 736 2239 verum
750 2187 807 2240 sut
818 2180 882 2240 veri
892 2179 996 2241 simile
1009 2187 1127 2260 putem,

127 2305 196 2346 eum
211 2285 374 2363 Augustus
388 2289 478 2346 tento
495 2302 589 2364 opere
608 2288 642 2345 et
656 2281 761 2345 virium
783 2280 939 2360 dilexerit,
953 2290 990 2346 ut
1006 2282 1129 2349 uehere·

127 2391 197 2451 dem
220 2409 345 2469 semper
365 2389 443 2451 filiis
468 2389 653 2464 instituerit,
676 2389 758 2451 siout
781 2389 936 2469 quondum
959 2389 992 2451 in
1016 2397 1129 2452 seustu

128 2496 288 2575 professus
305 2500 363 2570 est,
378 2501 411 2556 et
429 2494 615 2556 defunctum
636 2493 682 2554 its
702 2512 759 2573 pro
779 2492 923 2555 oontione
941 2492 1127 2570 luudsvsrit,
1209 2500 1212 2505 ’

127 2608 163 2661 ut
177 2601 250 2662 deos
267 2606 413 2680 preostus
427 2599 480 2678 sit,
494 2601 609 2661 similes
621 2602 651 2661 οἱ
665 2598 811 2662 mmm
823 2602 1046 2677 monosemi,
1059 2601 1129 2660 erli-
1143 2612 1177 2662 θ)

127 2725 182 2780 que
195 2715 259 2766 tom
272 2707 428 2766 leuatum
441 2707 622 2781 quaudoque
634 2707 746 2764 exitum
759 2706 867 2764 domu
876 2723 969 2781 prtum
979 2704 1024 2763 illi
1032 2704 1129 2764 ‹idi›

126 2817 197 2868 seo.
238 2809 307 2870 Nee
326 2813 492 2870 eontentus
509 2806 646 2885 elogium
666 2805 788 2868 tumulo
808 2807 875 2869 eius
893 2805 1034 2868 versibus
1054 2822 1074 2866 s
1093 2823 1128 2867 se

127 2911 308 2990 compositis
321 2910 537 2991 insculpsisss,
551 2909 647 2973 etism
661 2909 746 2971 vitoe
764 2909 945 2971 memorium
958 2926 1051 2988 prose
1062 2927 1129 2970 ors·

127 3015 211 3076 tione
225 3014 409 3094 composuit.

167 3120 216 3179 Ex
238 3118 380 3180 Antonia
401 3117 521 3181 minore
541 3116 717 3197 complures
744 3115 869 3196 quidem
906 3114 1020 3177 liberos
1041 3112 1128 3192 tulit,
1143 3129 1177 3179 2⁸

126 3241 233 3288 uerum
252 3227 332 3286 -tres
362 3220 492 3284 omnino
524 3220 668 3301 reliquit:
706 3220 935 3296 Germsuieum,
969 3217 1129 3296 Lirillsru,

128 3326 303 3387 Claudium.

95 3437 113 3487 u
167 3428 319 3491 Claudius
332 3433 427 3490 nutus
437 3432 488 3489 est
500 3426 586 3489 Iulio
600 3427 748 3501 Antonio,
759 3425 859 3488 Fabio
869 3426 1019 3487 Airiouuo
1028 3442 1129 3486 oouss.

128 3529 181 3590 Kl.
197 3531 278 3610 Aug.
294 3529 472 3610 Luguduni,
486 3549 525 3592 eo
537 3527 608 3609 ipso'
625 3529 678 3591 die
692 3547 755 3608 quo
768 3529 904 3610 primum
928 3569 1003 3618 m
1011 3568 1061 3617 ω

127 3653 182 3696 urs
208 3634 252 3698 ibi
282 3637 428 3716 Augusto
454 3633 601 3698 dediostu
629 3638 689 3717 est,
716 3631 907 3714 appellatus·
929 3638 1094 3705 “symes
1145 3640 1178 3689 e)

127 3757 188 3816 que
208 3739 354 3802 riuum
368 3739 520 3804 mauors
538 3728 671 3803 umam
712 3738 788 3799 uox
806 3736 905 3799 reue
929 3716 1049 3766 Μ·

128 3844 244 3910 meiere
264 3845 300 3912 iu
323 3844 439 3912 Iulium
461 3843 617 3911 imuilism
638 3842 797 3930 uoluptate,
821 3837 1000 3908 Germanioi
1023 3855 1134 3922 eogno-
