2572 4320
402 568 515 625 tussa
537 569 587 624 ιι.
636 568 668 626 c.
690 569 886 625 camenas.
1109 559 1153 630 'll
1244 602 1247 608 ·

147 741 346 825 plurifariam
356 741 456 821 ciro03
475 743 804 807 canendiaosaltandi
815 743 979 825 voluptate
988 744 1155 810 itaeliere-
1242 821 1250 839 ι

146 852 246 928 batur,
265 855 301 913 ut
321 868 361 913 ne
376 847 511 932 publicis
530 850 656 932 quidem
674 850 861 935 spectaculis
879 858 1069 936 temperaret
1086 872 1154 937 quo

146 963 251 1022 minus
272 965 306 1020 et
326 959 475 1036 tragoedo
495 959 714 1039 pronuntianti
735 959 923 1039 concineret,

145 1077 177 1131 et
199 1073 322 1148 gestm
346 1063 512 1129 histrionis
530 1065 622 1147 quasi
641 1065 772 1130 laudans
790 1066 843 1130 rel
860 1086 925 1130 cor·
948 1043 1093 1108 ‘mim'
1210 1068 1214 1075 '

948 1121 1018 1172 salta

145 1177 249 1255 rigens
267 1173 372 1254 palum
389 1171 563 1252 effingeret.
603 1173 672 1235 Neo
693 1171 758 1235 alia
775 1174 925 1237 decanea
1166 1184 1185 1233 a

145 1283 270 1346 videtur
292 1299 328 1345 so
351 1279 413 1359 die,
436 1299 500 1362 quo
523 1278 628 1363 periit,
649 1279 849 1362 pervigilium
875 1280 1029 1345 indixisse
1052 1300 1150 1364 quarn

144 1399 180 1453 ut
201 1388 384 1452 initium'in
403 1408 548 1452 mnam
569 1388 745 1469 prodeundi
764 1388 893 1452 licentia
909 1389 1058 1472 temporis
1079 1410 1151 1454 aus·

145 1498 309 1577 picaretur.
359 1494 503 1558 Saltabat
527 1502 633 1558 autem
660 1514 894 1577 nonnumquam
917 1495 1014 1558 etiam
1037 1505 1147 1576 noctn;

144 1610 176 1665 et
194 1603 352 1683 quondam
372 1608 438 1664 tres
459 1601 640 1665 consulares
658 1602 796 1665 secunda
813 1601 923 1681 vigilia
939 1601 973 1664 in
989 1601 1148 1665 Palatium

144 1710 259 1773 accitos
281 1708 444 1790 multaque
466 1715 499 1772 et
522 1715 663 1771 extrema
682 1709 851 1772 metuentis
873 1728 967 1791 super
987 1708 1148 1791 pulpitum
1166 1723 1197 1772 to

141 1816 327 1894 conlocavit,
342 1816 417 1878 dein
439 1822 567 1897 repente
587 1835 702 1895 magno
721 1815 871 1879 tibiarum
891 1822 924 1878 et
943 1814 1148 1878 scabellorum

144 1925 265 2002 crepitu
283 1942 354 1983 oum
372 1921 459 2002 palia
477 1922 647 2002 tunicaque
665 1921 759 1984 talari
780 1922 978 2003 prosiluitac
991 1921 1149 1986 desaltato

144 2029 265 2090 cantico
289 2027 377 2090 abiit
427 2027 534 2107 Atque
558 2027 611 2090 lric
632 2035 698 2091 tarn
719 2027 832 2090 docilis
853 2028 893 2089 ad
915 2035 1019 2091 cetera
1038 2034 1149 2091 natare

144 2133 264 2195 nesciit
1064 2206 1066 2210 .

93 2244 130 2294 δῦ
183 2240 321 2313 Quorum
342 2259 418 2303 vero
439 2241 546 2302 studio
567 2246 736 2316 teneretur,
758 2239 903 2302 omnibus
926 2239 967 2302 ad
991 2237 1147 2301 insaniam
1164 2255 1195 2304 sa

145 2346 234 2407 lavit
281 2347 471 2410 Mnesterem
496 2338 723 2427 pantomimum
746 2345 842 2408 etiarn
865 2346 948 2407 inter
968 2344 1150 2426 spectacula
1244 2370 1246 2374 ·

143 2451 352 2530 osculabatur,
366 2470 403 2513 ao
418 2453 446 2514 si
463 2452 519 2533 qui
537 2452 674 2514 saltame
688 2471 727 2514 eo
743 2451 792 2513 vel
811 2451 922 2514 leviter

47 2557 49 2563 '
143 2557 346 2636 obstreperet,
360 2557 485 2618 detrahi
505 2557 626 2618 iussum
639 2576 735 2619 manu
750 2577 807 2618 sua
820 2555 923 2635 flagei·
946 2533 1135 2669 mam*
1251 2551 1263 2619 ,’

144 2661 237 2724 labat
279 2661 390 2744 Equiti
407 2663 549 2725 Romano
562 2661 770 2724 tumultuanti
785 2681 842 2742 per
854 2680 922 2723 cen·

143 2768 298 2829 turionem
317 2768 528 2847 denuntiavit,
544 2768 645 2831 abiret
663 2767 732 2830 sine
748 2787 834 2829 mora
847 2766 968 2830 Ostiam
983 2767 1147 2848 perferret·
1162 2781 1194 2829 a)

143 2895 203 2953 que
230 2875 270 2938 ad
296 2874 513 2938 Ptolemaeum
542 2893 647 2955 regern
672 2873 705 2935 in
733 2871 958 2936 Mauritaniam
984 2871 1146 2935 codicillos

143 3001 232 3059 suos3
253 3003 386 3062 quornm
405 2981 583 3063 exemplum
603 2990 687 3046 erat:
709 2984 755 3046 Εἰ
767 3002 854 3060 prtem
868 2985 940 3042 istoc
957 2983 1037 3057 misi,
1052 2999 1147 3059 sseqm

143 3088 214 3147 boni
239 3093 401 3167 pstoqcnm
428 3107 524 3167 neqm
547 3090 623 3150 mali
642 3083 966 3168 saereslffluhrseces
993 3086 1145 3167 quosdam

143 3194 310 3257 Germanis
323 3195 464 3275 corporis
479 3193 661 3258 custodibus
675 3192 863 3275 praeposuit
906 3190 1145 3254 blurmilionum

142 3306 316 3363 armaturas
331 3300 452 3363 recidit
489 3280 774 3376 columberiotori,
787 3298 900 3382 leviter
913 3305 1017 3360 tarum
1029 3297 1144 3373 ειιιιοίο,
1160 3306 1192 3354 as

143 3415 297 3468 venenum
324 3405 357 3468 in
386 3406 513 3489 plagam
536 3408 669 3486 addidit,
690 3407 775 3488 quod
798 3425 837 3469 ex
860 3425 898 3468 eo
923 3403 1145 3469 Columbinum

142 3510 316 3590 appellavit
336 3512 397 3596 (sio
418 3525 502 3579 certe
528 3515 612 3578 inter
637 3514 702 3578 alia
722 3532 843 3577 venena
869 3511 1021 3592 scriptum
1045 3510 1087 3574 ab
1107 3528 1146 3572 eo

142 3624 394 3704 repertura·sst);
416 3621 561 3704 prasinae
582 3620 713 3685 lectioni
734 3620 781 3683 ita
800 3619 945 3683 addictus
961 3623 994 3681 et
1008 3615 1145 3695 deditus,
1217 3684 1226 3703 ,

142 3732 177 3785 nt
204 3732 330 3792 cenaret
357 3726 391 3792 in
419 3728 544 3794 stabulo
571 3728 696 3793 assidue
722 3734 756 3791 et
783 3733 931 3790 maneret
986 3722 1165 3805 agitatori,

141 3831 288 3912 Eutycho
307 3833 528 3898 comissatione
548 3834 684 3915 quadam
702 3833 735 3895 in
754 3830 955 3913 apophoretis
968 3829 1066 3893 vicies
1083 3848 1148 3893 ses·
1160 3840 1192 3889 ω

142 3937 271 3999 tertium
291 3939 436 4003 contulit
477 3939 617 4002 Incitato
636 3956 726 4019 equo,
746 3937 835 4002 ouius
855 3954 951 4000 musa
965 3934 1068 4018 pridie
1087 3933 1147 3998 oir-

141 4058 259 4121 censes,
283 4062 325 4107 ne
345 4043 583 4125 inquietaretur,
605 4041 742 4136 viciniae¹
763 4041 925 4106 silentium
946 4057 1004 4122 pst
1021 4039 1145 4104 milites
