2572 4320
303 575 304 578 ‘
436 569 556 651 arasa
577 598 631 652 ιιι
681 597 862 651 ornamus
1114 581 1156 647 21

151 771 192 834 ad
216 778 336 834 eertum
363 789 528 834 numerum
552 770 697 841 redeatis
746 768 982 833 Corinthiorum
1008 787 1155 832 vasorum

152 876 255 956 pretia
277 875 312 936 in
334 875 520 938 immensum
547 874 703 937 exarsisse
725 880 854 954 tresque
880 872 996 935 mullos
1023 872 1157 952 triginta

151 981 280 1046 milibus
300 1000 463 1044 nummum
482 979 607 1053 venisse
626 980 765 1059 graviter
783 998 932 1062 oonques·

151 1094 213 1163 tus,
228 1086 439 1149 adhibendum
454 1085 646 1167 supellectili
665 1086 792 1149 modum
806 1085 930 1149 sensuit
955 1072 1150 1136 mmm*

150 1210 370 1274 annonamque
384 1189 508 1253 maeelli
527 1196 657 1253 senatus
670 1189 827 1253 arbitratu
840 1194 930 1270 qnot-
954 1148 1063 1197 m
1170 1201 1189 1251 t
1242 1273 1245 1276 Ι

151 1297 244 1359 annis
278 1292 522 1386 temperandam
558 1294 634 1358 dato
665 1294 821 1359 aedilibus
862 1296 989 1376 negotio
1024 1295 1156 1378 popinas

151 1422 328 1486 ganeasque
348 1421 449 1483 usque
467 1419 506 1464 eo
522 1400 696 1479 inhibendi,
714 1407 752 1464 nt
771 1419 812 1464 ne
831 1420 927 1482 opera
946 1402 1074 1485 quidem
1094 1402 1157 1484 pis

150 1508 234 1573 toria
250 1507 383 1590 proponi
402 1506 528 1570 venalis
545 1506 693 1570 sinerent
735 1507 779 1569 Et
799 1514 836 1569 ut
857 1508 1080 1596 parsimoniam
1101 1528 1157 1589 pn·

150 1613 265 1676 blieam
286 1613 431 1694 exemplo
452 1630 576 1693 quoque
600 1611 733 1690 iuvaret,
753 1603 959 1677 sollemnibus
980 1614 1055 1695 ipse
1069 1617 1155 1679 oenis

150 1719 296 1801 pridiana
306 1736 399 1800 saepe
412 1737 449 1780 ae
463 1736 585 1781 semesa
594 1716 724 1780 obsonia
733 1717 883 1799 apposuit
892 1717 1156 1799 dimidiatumque
1172 1733 1203 1784 ιο

149 1845 269 1907 aprum,
283 1824 451 1903 adimam,
465 1827 571 1888 onnia
583 1827 689 1887 eadem
702 1827 818 1903 laben,
833 1844 910 1905 quoe
923 1834 1026 1890 totuin.

75 1907 138 1999 ‘l'
189 1930 358 1996 Cotidiana
371 1929 479 1994 osoula
491 1930 595 1993 edioto
608 1928 781 2012 prohibuit,
793 1929 871 1993 item
885 1937 1062 1995 strenarum
1076 1951 1156 1995 oom-

148 2036 298 2100 mereium
315 2055 355 2099 ne
371 2036 457 2100 ultra
472 2035 547 2099 Kal
562 2037 630 2099 Ian.
645 2042 850 2100 uersaretur.
893 2038 1067 2102 consuerat
1082 2057 1156 2119 qua·

148 2145 294 2225 druplam
321 2150 470 2221 suanam,
492 2149 525 2205 et
552 2143 593 2206 de
620 2161 724 2220 mauu,
752 2142 900 2221 reddere3
933 2146 989 2207 sed
1016 2143 1155 2210 offensus
1197 2137 1208 2149 ’

148 2245 345 2327 interpellari
367 2264 401 2308 se
418 2253 487 2308 toto
502 2264 610 2308 mense
628 2246 669 2308 ab
686 2245 728 2308 iis
746 2248 802 2326 qui
821 2254 1009 2327 potestatem
1030 2249 1080 2311 sui
1101 2251 1154 2312 dio
1171 2268 1201 2314 rs

95 2361 134 2416 tt
149 2352 232 2414 festo
245 2370 307 2412 non
322 2350 516 2427 habuissent,
530 2349 617 2413 ultra
631 2369 696 2412 non
710 2350 794 2413 tulit
837 2345 1000 2415 Matronae
1021 2359 1194 2434 prostra-

147 2452 199 2520 t'ae
213 2455 394 2538 pudicitiae,
408 2455 533 2549 quibus
540 2463 703 2519 aoousator
720 2455 866 2538 publicus
885 2445 1069 2556 deessetqut
1086 2476 1155 2540 pro·

148 2563 259 2645 pinqui
273 2581 359 2626 more
373 2562 526 2640 maiorum
541 2561 581 2624 ds
594 2561 753 2625 eommuni
769 2541 946 2625 sententia

147 2675 325 2730 eoeroerent
338 2628 547 2768 auetoriuit)
571 2666 684 2747 Equiti
695 2667 857 2730 Romano
848 2686 927 2731 mus
953 2642 1116 2769 ”mm
1165 2663 1174 2674 ’
1227 2727 1243 2746 .,

147 2773 272 2873 iurandi
288 2767 423 2853 datiam
442 2772 529 2851 feeit,
543 2789 673 2835 uxorem
693 2771 728 2835 in
714 2778 859 2891 stupro
879 2792 929 2852 ge-
1145 2788 1201 2871 νζ)

146 2880 214 2941 neri
235 2885 426 2960 eompertam
446 2878 633 2970 dimitteret,
648 2898 743 2959 quarn
763 2898 798 2943 se
805 2860 990 2961 numquam
1011 2881 1155 2963 repudia·
1248 2939 1249 2944 ,

146 2991 252 3047 turum
266 2990 340 3046 ante
353 2983 520 3047 iuraverat.
561 2984 712 3046 Feminae
727 2985 874 3064 famosae,
883 2993 921 3048 ut
933 2988 974 3049 ad
988 2987 1153 3050 evitandas

82 3158 83 3162 ,
147 3091 252 3170 legum
265 3109 383 3172 poenas
402 3089 470 3153 iure
487 3108 525 3153 ao
543 3089 701 3170 dignitate
719 3091 886 3156 matronali
905 3090 1152 3171 exsolverentur,

146 3195 336 3259 lenocinium
351 3194 492 3277 profiteri
510 3202 687 3277 desperant,
700 3204 734 3260 et
749 3216 789 3260 ex
806 3197 970 3260 inventute
987 3199 1153 3280 utriusque

146 3303 266 3367 ordinis
293 3300 568 3384 profligatissimus
601 3301 745 3383 quisque,
773 3302 968 3384 quominus
997 3302 1031 3365 in
1058 3322 1154 3384 opera
1168 3317 1199 3365 m

147 3427 280 3488 sesenaq
298 3407 495 3490 harenieque
518 3407 642 3471 edenda
663 3415 792 3472 senatus
815 3407 960 3473 oonsulto
982 3415 1151 3488 teneretur,

145 3515 261 3580 famosi
275 3496 386 3579 indioii
398 3522 506 3578 notam
520 3521 633 3596 sponte
647 3514 814 3593 subibant;
834 3534 889 3578 eos
902 3533 1017 3597 easque
1033 3534 1152 3594 omnes,

146 3645 186 3688 ne
206 3625 291 3706 quod
310 3623 468 3704 retugium
488 3623 524 3686 in
544 3621 603 3686 tali
623 3622 738 3686 fraude
757 3621 906 3705 oniqnam
925 3629 1018 3702 esset,
1039 3621 1153 3686 exsilio

146 3731 274 3793 adiecit
317 3731 461 3795 Senatori
481 3729 583 3794 latum
602 3729 727 3794 olavum
748 3729 877 3809 ademit,
891 3748 963 3793 eum
978 3734 1152 3809 regnasset,

146 3836 206 3899 nub
221 3834 295 3901 Kal
311 3835 373 3898 Iul
387 3834 580 3915 demigrasse
597 3833 633 3897 in
650 3834 768 3913 hortos,
782 3852 846 3917 qno
859 3833 956 3898 vilius
974 3843 1048 3916 post
1066 3834 1150 3897 diem
1167 3847 1200 3897 m
1217 3837 1221 3852 ‘
1245 3822 1249 3829 ’

145 3943 239 4005 aedes
260 3942 294 4004 in
314 3942 391 4005 urbe
410 3942 607 4005 eondneeret.
647 3939 759 4005 Alium
774 3948 809 4003 et
824 3946 995 4023 quaestura
1007 3941 1152 4032 removit,
1202 4000 1206 4009 .

146 4045 231 4126 quod
248 4062 379 4109 morsm
399 4043 503 4127 pridie
522 4044 720 4108 sortitionem
740 4043 869 4109 duntur
888 4045 1043 4143 postridie
1064 4065 1153 4129 rspn·
1202 4028 1206 4076 ἶ
